4861 5775
1712 401 2167 544 CAPUT
2292 447 2365 526 1.
3314 459 3490 538 163

1610 657 2211 740 Scholion
2342 673 2427 740 2„

700 869 909 938 241.
1056 861 1499 942 praemissis
1572 866 1699 941 'his
1782 865 2177 966 principiis
2268 880 2347 944 et
2414 869 3275 966 transformationibus‚
3369 899 3622 979 nego·

424 993 621 1067 tium
688 992 1295 1092 aggrediamur,
1376 1007 1454 1067 et
1522 995 1923 1071 methodos
1990 994 2478 1093 aperiamus,
2561 1023 2654 1074 ex
2721 1001 2904 1074 data
2965 1001 3348 1078 relatione
3416 1001 3617 1080 inter

416 1119 791 1197 formulas
850 1121 1398 1195 dnss‘erentiales
1462 1121 1777 1198 secundi
1833 1125 2144 1222 gradus,
2210 1125 2564 1225 etprimi
2634 1127 2942 1228 gradus,
3012 1124 3350 1227 itemque
3411 1128 3612 1230 ipsas

416 1248 893 1349 quantitates
964 1247 1451 1344 principales,
1521 1252 1787 1324 harum
1856 1249 2199 1350 ipsarum
2282 1251 2734 1330 relationem
2803 1253 3342 1356 investigandi.
3460 1258 3615 1335 Hie

414 1380 718 1456 scilicet
774 1395 1144 1477 praeter
1163 1375 1375 1477 ipsas
1446 1377 1913 1474 quantitates
1980 1405 2071 1471 x,
2116 1403 2196 1552 ἂι]
2260 1394 2338 1455 et
2405 1403 2481 1472 z,
2549 1407 2965 1480 earumque
3032 1383 3402 1462 formulas
3466 1385 3614 1462 dif-

416 1525 868 1603 ferentiales
952 1524 1193 1626 primi
1299 1527 1588 1627 gradus
1688 1486 1855 1642 (ἐξ)
1935 1541 2012 1602 et
2080 1490 2241 1660 (ἐξ)
2320 1529 2950 1618 considerandae
3044 1527 3366 1605 veniunt
3445 1541 3615 1607 “tres

2488 1752 2511 1787 ‚
2599 1657 2996 1833 (Γῖἷζὶθῒ
2955 1655 3319 1828 (ἔ-ζῧῖ
3417 1721 3612 1795 qua·

408 1869 589 1922 rum
653 1844 783 1922 vei·
842 1869 1055 1936 una,
1150 1843 1274 1920 vel
1340 1844 1623 1936 binae,
1718 1844 1841 1920 vel
1908 1869 2173 1924 omnes
2240 1859 2401 1923 tres
2466 1843 2544 1919 in
2609 1845 3065 1922 relationem
3131 1839 3608 1942 propositam

410 1971 723 2074 ingredi
788 1987 1169 2073 possunt,
1274 1973 1399 2050 ubi
1466 1973 1777 2074 insuper
1844 1975 2121 2076 ingens
2186 1971 2602 2051 discrimen
2682 1971 3060 2052 formulae
3129 1967 3356 2071 primi
3425 1993 3608 2071 gra·-

405 2102 560 2178 dus
596 2161 617 2195 ,
698 2100 859 2178 sive
923 2099 998 2176 in
1070 2077 1520 2178 relaffionem
1588 2099 2119 2203 ingrediantur
2155 2161 2178 2195 ‚
2244 2101 2407 2180 sive
2473 2111 2726 2194 secus,
2792 2097 3294 2180 constituunt.
3425 2095 3610 2174 Non

414 2229 673 2306 solum
742 2243 1003 2305 autem
1069 2229 1291 2306 nimis
1358 2229 1674 2330 longum
1741 2230 1946 2308 foret
2014 2253 2285 2308 omnes
2351 2229 2991 2326 combinationes,
3054 2224 3164 2302 uti
3227 2225 3304 2301 in
3372 2247 3604 2327 prae·

411 2357 743 2434 cedente
809 2355 1153 2434 sectione
1238 2355 1559 2434 fecimus
1592 2417 1614 2451 ‚
1714 2357 2130 2458 prosequi,
2226 2357 2365 2434 aed
2433 2333 2680 2436 etiam
2749 2359 3090 2433 defectus
3155 2353 3606 2430 idonearum

414 2485 961 2562 methodorum
1024 2485 1397 2586 impedit,
1466 2509 1615 2584 quo
1682 2484 1929 2564 minus
1995 2485 2295 2588 singula
2380 2484 2922 2586 quaestionum
2997 2483 3144 2556 hue
3217 2482 3607 2582 pertinen-

416 2612 610 2688 tium
694 2637 981 2716 genera
1063 2623 1631 2712 percurramus.
1768 2615 2045 2716 Capita
2128 2611 2362 2714 igitur
2439 2612 3004 2714 pertractanda
3080 2607 3190 2681 ita
3255 2607 3602 2686 institua·

416 2763 645 2833 mus,
711 2753 941 2841 prout
1004 2743 1411 2818 methodus
1481 2742 1828 2820 solvendi
1895 2737 2283 2846 patietur,
2366 2763 2518 2880 ea,
2600 2739 2730 2818 ubi
2795 2739 2982 2816 nihil
3041 2749 3448 2840 praestare
3507 2733 3602 2810 Ii-

394 2881 595 2961 eet,
692 2869 991 2971 penitus
1050 2870 1704 2973 praetermissuri.

412 1695 800 1772 formulae
868 1695 1417 1773 differentiales
1490 1696 1809 1772 secundi
1882 1696 2169 1797 gradus
2239 1657 2450 1817 (δέ)
