4861 5775
1338 476 1509 549 472
2398 444 2851 529 CAPUT
2981 448 3154 569 ,ΠΕ

2364 644 2409 723 S
2481 670 2524 721 c
2593 644 2640 717 h
2709 640 3048 718 olio
3114 662 3220 713 n.

1548 862 1749 936 153.
1882 846 2266 947 Quoniam
2352 842 2579 919 binae
2665 836 3073 915 variabiles
3161 858 3224 909 x
3291 856 3371 909 et
3433 856 3488 935 y
3570 856 3888 937 prorsus
3981 858 4026 907 a
4109 856 4191 910 se
4277 835 4390 909 in-

1206 988 1457 1065 vicem
1536 1008 1693 1061 non
1772 979 2169 1083 pendent,
2270 971 2377 1047 ita
2453 982 2538 1044 ut
2623 967 2868 1043 altera
2943 966 3140 1040 adeo
3223 962 3551 1039 eundem
3631 967 3974 1039 valorem
4059 962 4390 1037 retinere

1210 1128 1510 1216 queat,¹
1594 1113 1777 1188 dum
1840 1106 2085 1183 altera
2166 1124 2310 1201 per
2392 1116 2660 1173 omnes
2739 1092 3047 1169 valores
3109 1088 3516 1189 possibiles
3589 1090 3930 1168 variatur
3958 1146 3982 1180 ,
4079 1088 4393 1167 evidens

1212 1274 1391 1353 est,
1486 1250 1917 1363 hujusmodi
2008 1244 2419 1325 formulam
2519 1235 3106 1313 differentialem
3189 1200 3290 1355 ἐξ
3325 1296 3346 1330 ,
3441 1241 3726 1343 quippe
3827 1260 4026 1335 quae
4105 1238 4395 1313 nullum

1209 1411 1444 1513 plane
1522 1402 2034 1505 significatum
2124 1401 2417 1465 certum
2501 1396 2707 1463 esset
2790 1385 3201 1477 habitura,
3293 1384 3372 1459 in
3458 1386 3755 1465 calculo
3829 1408 4223 1485 nunquam
4289 1384 4399 1461 lo·

1220 1558 1397 1617 cum
1458 1526 1803 1607 invenire
1884 1542 2147 1623 posse.
2284 1514 2583 1589 Contra
2665 1534 2854 1589 vero
2919 1536 3100 1591 cum
3167 1510 3557 1610 quantitas
3631 1538 3686 1589 z
3761 1513 3862 1589 sit
3925 1513 4214 1591 functio
4281 1513 4397 1613 ip-

1215 1700 1477 1760 sarum
1539 1698 1607 1751 x
1670 1682 1750 1749 et
1812 1685 1871 1767 y
1904 1722 1933 1761 ‚
2024 1666 2173 1740 hae
2240 1658 2618 1737 formulae
2689 1624 2917 1779 (ἒ),
3023 1622 3192 1789 (ὃ-Ύ)
3291 1676 3372 1733 et
3451 1656 3794 1757 reliquae
3875 1684 4142 1738 ornnes
4207 1682 4396 1759 quas

1216 1844 1451 1926 supra
1515 1842 1683 1897 sum
1744 1810 2373 1915 contemplatus,
2473 1806 2829 1887 definitos
2904 1807 3195 1882 habent
3259 1804 3786 1907 significatus,
3885 1832 4137 1909 neque
4201 1806 4400 1885 ullae

1219 1951 1414 2029 aliae
1478 1947 1559 2023 in
1624 1942 2003 2022 caleulum
2068 1934 2367 2039 ingredi
2434 1946 2788 2037 possunt.
2915 1932 3220 2010 Deinde
3295 1929 3471 2031 quia
3537 1955 3846 2037 semper
3911 1935 4400 2034 quaestiones

1213 2080 1366 2156 hue
1430 2072 1911 2176 pertinentes
1988 2091 2085 2143 eo
2168 2063 2549 2140 reducere
2625 2061 2864 2149 lieet,
2954 2072 3043 2136 ut
3113 2086 3168 2137 z
3245 2072 3614 2157 tanquam
3693 2062 3983 2139 functio
4049 2062 4404 2139 binarum

1222 2248 1287 2298 x
1352 2237 1433 2299 et
1494 2240 1552 2319 y
1638 2213 1979 2317 spectari
2062 2208 2369 2313 possit,
2465 2204 2841 2311 ejusmodi
2917 2204 3294 2281 formulae
3367 2171 3546 2326 (32)
3583 2244 3640 2305 ,·
3703 2210 3828 2290 ubi
3899 2211 4284 2311 quantitas
4351 2236 4404 2287 z

1219 2382 1428 2448 esset
1488 2388 1637 2468 pro
1702 2356 2093 2439 constanti
2164 2355 2488 2449 habita,
2587 2352 2762 2429 hinc
2829 2376 3152 2453 prorsus
3215 2351 3780 2445 excluduntur,
3877 2378 4132 2453 neque
4200 2355 4400 2435 ullae

1224 2494 1421 2574 aliae
1482 2503 1799 2594 praeter
1886 2506 2123 2585 supra
2206 2494 2680 2560 memoratas
2761 2479 2839 2556 in
2919 2478 3216 2557 calculo
3306 2478 3602 2556 admitti
3681 2492 3856 2557 sunt
3921 2483 4406 2573 censendae,

1222 2624 1484 2722 sicque
1571 2636 1839 2695 omnes
1923 2610 2464 2713 expressiones
2557 2632 2606 2684 a
2691 2605 3031 2683 formulis
3123 2605 3626 2708 integralibus
3719 2607 4006 2685 liberae
4089 2620 4404 2711 praeter

1219 2750 1435 2853 ipsas
1516 2738 1929 2823 variabiles
2011 2763 2114 2829 x,
2178 2758 2275 2836 y,
2339 2760 2393 2813 z
2487 2734 2676 2812 alias
2761 2734 3128 2811 formulas
3207 2732 3752 2811 differentiales
3833 2759 3991 2814 non
4058 2734 4404 2837 implica-

1219 2880 1413 2955 bunt
1473 2881 1789 2975 praeter
1856 2891 2047 2956 eas,
2138 2886 2460 2964 quarum
2523 2860 2992 2940 variationes
3057 2860 3182 2939 hie
3251 2874 3433 2940 sunt
3494 2840 3899 2941 indicatae.

2353 3141 2986 3220 Problema
3125 3151 3267 3221 18.

1564 3373 1777 3448 154.
1910 3363 1982 3441 Si
2046 3389 2100 3440 z
2170 3363 2267 3442 sit
2333 3362 2624 3440 functio
2693 3362 3038 3465 ipsarum
3101 3385 3168 3436 x
3229 3373 3310 3442 et
3369 3383 3464 3465 y,
3543 3363 3764 3462 eique
3825 3362 4201 3443 tribuatur
4269 3389 4412 3443 va-

1229 3490 1457 3573 riatio
1520 3481 1636 3574 dz
1713 3502 2095 3590 utcunque
2181 3495 2280 3570 ab
2342 3515 2413 3566 a>
2477 3501 2556 3566 et
2613 3511 2674 3590 y
2750 3490 3104 3594 pendens
3132 3550 3153 3583 ‚
3249 3501 3408 3568 tum
3467 3515 3657 3570 vero
3739 3489 3970 3568 fuerit
4033 3493 4098 3568 V
4163 3515 4412 3593 quan-

1230 3621 1407 3701 titas
1473 3619 2187 3722 quomodocunque·
2254 3643 2351 3696 ex
2418 3617 2659 3694 tribus
2729 3616 3224 3695 variabilibus
3301 3642 3404 3714 ω,
3469 3641 3564 3718 y,
3631 3643 3683 3694 z
3767 3641 4178 3720 earumque
4265 3621 4418 3698 dif-

1228 3741 1750 3827 ferentialibus
1853 3745 2373 3850 cujuscunque
2462 3741 2764 3821 ‘ordinis
2857 3740 3284 3846 composita
3317 3802 3342 3837 ‚
3437 3747 3600 3848 ejus
3705 3742 4204 3824 variationem
4283 3729 4418 3824 SV

1230 3874 1724 3980 investigare.

2479 4143 3190 4258 Soluti05

1553 4339 1653 4416 Ut
1714 4341 1795 4416 in
1860 4340 2357 4444 expressione
2424 4343 2490 4420 V
2575 4340 2880 4443 speeies
2949 4339 3566 4424 differentialium
3647 4341 4008 4422 tollantur
4041 4399 4060 4433 ‚
4161 4363 4420 4441 pona-

1234 4493 1405 4551 mus
1470 4486 1559 4548 ut
1622 4469 1995 4548 haetenus
2059 4469 2376 4552 fecimus
