4861 5775
1708 484 2151 565 CAPUT
2282 480 2411 564 IV.
3335 490 3509 565 445

1604 688 2291 767 Scholion
2428 698 2506 767 2.

790 874 993 950 115.
1132 866 1359 961 Quod
1454 866 1533 945 in
1624 872 2141 970 praecedente
2236 870 2494 971 capite
2607 872 2838 949 tacite
2944 869 3440 951 assumsimus
3535 876 3634 958 de

458 996 877 1108 quantitate
970 1004 1371 1073 constante
1478 996 1881 1075 variationi
1980 998 2339 1075 inventae
2446 999 2872 1102 adjicienda
2908 1062 2930 1091 ‚
3023 1001 3308 1101 quippe
3400 1022 3634 1101 quam

446 1148 641 1228 pars
711 1124 1103 1227 integralis
1168 1121 1613 1201 variationis
1678 1134 1949 1226 sponte
2014 1124 2330 1201 involvit
2364 1184 2387 1215 ‚
2491 1128 2634 1203 hoc
2704 1127 2782 1205 in
2847 1128 3060 1203 istius
3125 1127 3630 1227 problematis

456 1250 837 1330 solutione
918 1246 1351 1328 accuratius
1438 1272 1829 1348 exponere
1928 1266 2048 1327 est
2140 1252 2413 1330 visum.
2547 1254 2745 1329 Cum
2829 1251 3123 1330 scilicet
3213 1252 3294 1329 in
3371 1257 3627 1358 hujus-

452 1376 663 1456 modi
728 1373 1301 1476 quaestionibus
1336 1434 1358 1471 ,
1454 1400 1653 1476 quae
1736 1379 1837 1455 ad
1903 1378 2269 1455 formulas
2337 1380 2752 1481 integrales
2817 1382 3288 1457 reducuntur
3328 1440 3349 1475 ,
3445 1406 3630 1482 per-

456 1514 693 1607 petuo
763 1503 869 1579 ad
932 1503 1307 1581 terminos
1372 1503 1897 1605 integrationis
1937 1486 2074 1585 ,sit‘
2124 1505 2692 1607 respiciendum
2725 1564 2748 1598 ‚
2815 1506 3184 1606 siquidem
3249 1508 3626 1611 integrale
3717 1502 3726 1509 ’

450 1630 635 1707 nihil
716 1628 921 1705 aliud
1006 1648 1129 1707 est
1200 1630 1348 1707 nisi
1426 1654 1724 1708 summa
1806 1634 2367 1709 elementorum
2451 1658 2498 1709 a
2565 1632 2890 1710 termino
2958 1634 3144 1709 dato
3211 1655 3348 1711 seu
3411 1635 3622 1713 initio

455 1758 569 1833 ad.
650 1755 879 1833 alium
978 1757 1387 1834 terminum
1482 1782 1622 1838 seu
1711 1760 1943 1837 finem
2042 1759 2651 1837 continuatorum
2679 1818 2700 1851 ,
2812 1763 3006 1841 haec
3113 1760 3628 1840 consideratio

450 1907 776 1987 prorsus
842 1883 1266 1961 essentialis
1348 1897 1471 1963 est
1551 1885 1760 1963 omni
1826 1886 2311 1987 integrationi
2338 1946 2362 1980 ‚
2462 1888 2624 1964 sine
2706 1911 2860 1987 qua
2922 1887 3097 1963 idea
3164 1887 3445 1966 valoris
3511 1888 3628 1967 in·

454 2010 766 2115 tegralis
848 2035 948 2090 ne
1012 2009 1435 2089 consistere
1512 2013 1823 2111 quidem
1906 2024 2190 2115 potest.
2326 2013 2848 2109 Quamobrem
2933 2012 3366 2093 constitutis
3429 2016 3624 2093 inte·

452 2135 823 2241 grationis
904 2138 1247 2216 terminis
1327 2138 1539 2217 initio
1622 2139 1913 2218 scilicet
1990 2153 2069 2217 et
2146 2141 2297 2216 fine
2328 2197 2351 2231 ,
2448 2140 2704 2217 statim
2767 2164 2864 2217 ac
2926 2139 3370 2218 variationis
3435 2166 3622 2241 pars

448 2265 843 2367 integralis
909 2266 1015 2343 ita
1084 2278 1204 2345 est
1266 2276 1597 2367 accepta
1656 2276 1741 2341 ut
1802 2290 1951 2366 pro
2018 2265 2229 2342 initio
2296 2267 2578 2343 evadat
2657 2266 2862 2343 nulla
2899 2327 2921 2364 ,
3020 2280 3180 2345 tum
3246 2268 3626 2373 ejusmodi

450 2405 935 2471 constantem
1002 2392 1231 2495 adjici
1294 2404 1649 2493 oportet,
1713 2402 1801 2469 ut
1864 2392 2097 2470 etiam
2158 2405 2423 2491 partes
2493 2378 2892 2472 absolutae
2957 2421 3102 2497 pro
3167 2396 3442 2471 eodem
3503 2396 3621 2471 in·

446 2518 599 2629 itio,
656 2520 1149 2596 destruantur
1184 2576 1207 2616 ,
1304 2520 1568 2620 sicque
1643 2517 2005 2599 universa
2098 2519 2546 2598 variationis
2625 2522 3020 2620 expressio
3123 2520 3225 2595 ad
3305 2519 3618 2599 nihilum

448 2645 869 2749 redigatur.
1008 2648 1241 2743 Quod
1323 2672 1503 2723 cum
1600 2648 1827 2725 fuerit
1892 2636 2211 2723 ‘factum
2238 2706 2261 2740 ,
2363 2650 2464 2723 ad
2563 2649 2794 2725 finem
2875 2645 3402 2749 integrationis
3479 2650 3616 2727 de·

446 2798 653 2849 mum
716 2774 1085 2876 progredi
1151 2774 1330 2850 licet
1358 2832 1381 2865 ‚
1464 2786 1549 2851 ut
1610 2778 1757 2851 hoc
1822 2787 2059 2877 pacto
2125 2797 2317 2851 vera
2382 2773 2710 2852 variatio
2777 2774 3153 2858 formulae
3218 2774 3612 2877 integralis

408 2901 753 3002 'positae
836 2905 935 2991 ab
999 2900 1212 2978 initio
1300 2902 1400 2978 ad
1474 2903 1724 2980 finem·
1790 2914 2155 2981 extensae
2248 2901 2706 2980 obtineatur.
2842 2905 3066 2980 Haec
3143 2916 3396 2980 autem
3477 2927 3614 2980 va-

444 3027 855 3105 riationum
954 3028 1307 3105 doctrina
1418 3030 1521 3105 ad
1614 3030 1933 3130 duplicIs
2000 3056 2009 3065 ·
2034 3029 2339 3132 generis
2446 3031 2932 3126 quaestiones
3038 3030 3614 3106 accommodari

442 3165 759 3256 potest3
854 3158 1037 3234 dum
1120 3155 1199 3232 in
1284 3156 1525 3234 altero
1605 3157 1881 3236 relatio
1964 3156 2170 3234 inter
2242 3155 2650 3234 variabiles
2722 3183 2788 3233 x
2857 3168 2936 3233 et
2996 3179 3054 3256 y
3147 3159 3332 3232 data
3395 3177 3610 3236 assu-

440 3283 669 3358 mitur
703 3341 727 3377 ,
824 3297 905 3362 et
968 3283 1341 3360 formulae
1402 3283 1800 3385 integralis
1861 3283 2123 3361 itidem
2186 3285 2415 3360 datae
2465 3267 2736 3397 sVBoe
2799 3283 3123 3360 variatio
3191 3283 3607 3384 investiga·

446 3421 619 3504 tur,
712 3421 1123 3512 postquam
1198 3435 1341 3509 per
1379 3421 1665 3487 -totam
1754 3409 2282 3510 integrationis
2362 3409 2886 3486 extensionem
2969 3407 3458 3485 variabilibus
3538 3435 3605 3486 x

440 3549 519 3612 et
580 3541 638 3632 'y
714 3535 1178 3614 variationes
1260 3555 1759 3634 quaecunque
1836 3536 2118 3612 fuerint
2196 3533 2526 3610 tributae
2557 3589 2582 3627 ,
2678 3534 2755 3609 in
2816 3525 3080 3611 'altero
3148 3544 3429 3632 autem„
3471 3560 3607 3638 ge-

436 3685 625 3738 nere
695 3661 865 3763 ipsa
930 3659 1055 3738 illa
1121 3659 1597 3738 variabilium
1660 3685 1727 3735 x
1792 3672 1869 3737 et
1931 3684 1991 3760 y
2050 3659 2323 3738 relatio
2395 3659 2784 3759 quaeritur
2812 3720 2833 3753 ‚
2905 3674 2991 3740 ut
3053 3660 3422 3737 formulae
3485 3661 3604 3738 in·

438 3787 753 3890 tegralis
822 3771 892 3904 s
894 3781 1074 3869 va
1152 3785 1475 3864 variatio
1557 3802 1773 3866 certa
1853 3788 2325 3890 proprietate
2423 3785 2524 3864 sit
2598 3787 3010 3889 praedita3
3106 3789 3606 3889 quemadmo-

436 3917 623 3994 dum
703 3914 767 3993 si
833 3941 926 3992 ea
990 3914 1315 3994 formula
1393 3914 1805 3993 maximum
1886 3915 2371 4010 minimumve
2435 3915 2784 3994 valorem
2860 3916 3214 4017 recipere
3281 3915 3599 4010 debeat,

435 4045 637 4122 hanc
704 4041 1207 4122 variationem
1280 4039 1383 4138 ⁸‘in
1462 4043 1777 4123 nihilum
1875 4043 2086 4122 abire
2178 4065 2498 4122 necesse
2581 4055 2728 4124 est.
2862 4043 3006 4122 Ubi
3087 4043 3366 4122 iterum
3441 4044 3599 4120 duo

436 4195 661 4249 casus
725 4195 809 4248 se
876 4173 1211 4254 offerunt
1236 4229 1258 4263 ,
1336 4183 1567 4269 prout
1630 4171 2043 4252 maximum
2106 4170 2594 4282 minimumve
2661 4172 2912 4250 locum
2974 4174 3262 4249 habere
3329 4170 3598 4266 debet,

431 4298 557 4374 vel
624 4322 1125 4398 quaecunque
1190 4297 1655 4377 variationes
1734 4299 1923 4399 ipsis
1986 4325 2051 4376 x
2118 4312 2198 4376 et
2250 4281 2315 4396 “y
2396 4297 2826 4378 tribuantur
2859 4356 2882 4395 ,
2979 4299 3106 4378 vel
3169 4297 3236 4376 si
3301 4308 3598 4376 tantum

434 4427 581 4503 hae
660 4424 1129 4504 variationes
1214 4435 1477 4502 certae
1558 4425 1863 4504 cuidam
1958 4426 2109 4527 legi
2182 4425 2782 4527 adstringantur.
2913 4427 3033 4507 Ex
3112 4449 3265 4525 quo
3347 4424 3594 4502 mani·

435 4551 709 4630 festum
786 4563 903 4628 est
936 4609 959 4644 ‚
1056 4554 1259 4628 hanc
1324 4552 1739 4632 Theoriam
1801 4555 2039 4632 multo
2112 4553 2331 4633 latius
2394 4571 2672 4658 patere
2706 4613 2730 4652 ,
2833 4577 3064 4656 quam
3131 4552 3440 4652 quidem
3499 4559 3598 4631 ea

435 4680 682 4760 adhuc
750 4679 831 4756 in
892 4701 1111 4758 usum
1177 4693 1295 4760 est
1352 4693 1652 4762 vocata.
