4861 5775
1386 477 1570 560 444
2495 469 2950 551 CAPUT
3067 470 3200 547 IV.

2332 670 3133 750 Scholion
3290 677 3366 746 l.

1600 881 1804 962 114.
1938 881 2425 980 Quamquam
2509 893 2788 958 natura
2867 877 3376 956 variationum
3445 885 3669 978 atque
3745 876 3973 960 etiam
4051 867 4427 979 quaestio·

1256 1033 1440 1088 num
1522 1033 1617 1088 eo
1655 997 1661 1002 ’
1700 1008 2242 1110 pertinentium
2315 1012 2480 1112 jam
2566 1007 2750 1084 satis
2833 1023 2954 1092 est
3027 1007 3460 1107 explicata,
3561 1017 3820 1082 tamen
3893 1007 4130 1108 hujus·
4204 1031 4428 1111 argu·

1257 1135 1493 1214 menti
1560 1147 1720 1212 tam
1788 1135 2119 1236 dignitas
2186 1159 2415 1236 quam
2497 1135 2792 1210 novitas
2863 1135 3312 1234 ampliorem'
3389 1134 3966 1210 illustrationem
4039 1134 4424 1232 requirere

1252 1263 1613 1342 videntur
1644 1321 1667 1354 ,
1770 1287 1946 1341 cum
2024 1287 2122 1338 ne
2205 1263 2676 1362 superfluum
2757 1259 3062 1358 quidem
3161 1261 3372 1338 foret
3449 1261 3726 1336 eadem
3803 1258 4114 1360 saepius
4194 1260 4425 1340 incul-

1258 1389 1451 1467 cari.
1584 1389 1783 1466 Cum
1851 1384 2095 1489 'igitur
2176 1401 2355 1466 ante
2437 1387 2864 1488 geometria
2947 1403 3026 1464 et
3107 1387 3330 1488 hujus
3409 1386 3681 1463 calculi
3747 1386 4266 1487 applicatione
4333 1389 4426 1466 ad

1254 1513 1591 1594 maxima
1658 1529 1737 1592 et
1798 1513 2113 1591 minima
2174 1514 2291 1591 usi
2360 1513 2642 1605 simus,
2741 1513 2844 1590 ad
2923 1515 3124 1591 hanc
3191 1512 3622 1592 doctrinam
3691 1513 3942 1614 magis
4007 1515 4424 1615 explanan-

1256 1645 1437 1720 dam
1472 1697 1495 1736 ,
1574 1641 1699 1717 hic
1762 1665 1932 1716 rem
1994 1642 2434 1744 generalius
2499 1664 2648 1742 pro
2717 1641 2880 1718 sola
2947 1639 3262 1740 Analysi
3325 1641 4038 1740 contemplabimur.
4167 1641 4416 1721 Primo

1250 1768 1486 1870 igitur
1568 1778 1966 1866 spectatur
2065 1768 2339 1846 relatio
2422 1792 2922 1868 quaecunque
3001 1767 3202 1844 inter
3275 1769 3496 1848 binas
3578 1767 3988 1846 variabiles
4063 1793 4128 1844 x
4197 1780 4278 1845 et
4331 1792 4422 1870 y,

1253 1893 1417 1971 sive
1486 1916 1579 1969 ea
1646 1894 1741 1972 sit
1808 1895 2121 1997 cognita
2144 1952 2165 1987 ,
2236 1896 2397 1972 sive
2467 1895 2770 1972 demum
2837 1895 3306 1990 definienda,
3379 1895 3706 1996 indeque
3771 1896 4110 1972 formata
4175 1897 4420 1975 consi·

1258 2021 1577 2098 deratur
1639 2021 1973 2098 formula
2036 2020 2436 2124 integralis
2503 2047 3000 2120 quaecunque
3053 2003 3336 2136 Πᾶν,
3413 2047 3614 2121 quae
3677 2022 3884 2100 intra
3951 2031 4208 2102 certos
4273 2035 4420 2101 ter-

1252 2144 1505 2222 minos
1574 2151 2139 2244 comprehensa
2175 2206 2196 2241 ,
2266 2172 2401 2226 seu
2468 2148 2978 2250 integratione
3049 2173 3096 2224 a
3161 2150 3344 2226 dato
3421 2149 3630 2227 initio
3703 2150 3805 2253 ad
3868 2151 4132 2228 datum
4201 2153 4424 2230 finem

1256 2284 1619 2366 extensa,
1694 2272 1949 2370 utique
2018 2293 2312 2352 certum
2375 2277 2768 2373 quendam
2830 2278 3173 2351 valorem
3238 2275 3588 2378 recipere
3653 2279 3908 2354 debet.
4037 2278 4240 2356 Tum
4299 2278 4422 2355 illa

1112 2461 1119 2466 .
1252 2396 1525 2474 relatio
1592 2397 1790 2476 inter
1854 2427 1920 2476 x
1982 2414 2061 2477 et
2121 2423 2218 2500 y,
2286 2426 2782 2502 quaecunque
2853 2404 3116 2494 fuerit,
3181 2405 3862 2503 quomodocunque
3926 2402 4222 2482 infinite
4287 2429 4420 2508 pa·

1251 2547 1424 2600 rum
1487 2523 1952 2622 immutetur,
2016 2543 2102 2604 ut
2167 2528 2484 2630 singulis
2549 2542 2672 2621 κζ
2716 2529 3266 2640 variationibus
3329 2530 3900 2628 quibuscunque
3967 2513 4089 2604 δει·
4151 2533 4416 2626 ειιοῐίε,

1239 2651 1411 2753 jam
1476 2655 1996 2754 respondeant
2060 2657 2377 2732 eaedem
2459 2678 2520 2754 y
2548 2714 2569 2747 ,
2662 2656 3210 2734 variationibus
3273 2682 3573 2756 quoque
3639 2658 4228 2768 quibuscunque
4305 2643 4419 2756 dy

1252 2788 1525 2854 auctae
1556 2837 1581 2870 ,
1676 2779 1803 2856 ubi
1884 2779 2185 2879 quidem
2246 2785 2840 2858 'observandum
2907 2795 3074 2876 est„
3173 2801 3332 2861 tam
3415 2784 3493 2860 in
3559 2783 3767 2862 initio
3827 2809 4062 2884 quam
4125 2787 4210 2864 in
4273 2789 4416 2866 fine

1248 2903 1633 2981 rationum
1724 2908 1996 2983 harum
2064 2912 2572 2986 variationum
2607 2964 2613 2971 -
2654 2937 2796 3012 per
2863 2911 3338 2991 conditiones
3415 2913 3946 3011 quaestionum
4011 2914 4244 3011 dari,
4343 2918 4415 2993 in

1246 3030 1501 3141 medio
1572 3044 1829 3110 autem
1896 3034 2079 3113 istas
2144 3037 2608 3113 variationes
2674 3040 2782 3115 ita
2845 3040 3309 3139 generaliter
3373 3040 3696 3135 assumi,
3759 3054 3844 3117 ut
3907 3043 4115 3119 nulla
4183 3046 4412 3146 plane

1243 3158 1421 3259 lege
1484 3154 1688 3235 inter
1752 3184 1837 3237 se
1904 3177 2478 3271 connectantur.
2613 3166 2806 3239 Tum
2875 3190 2968 3242 ex
3035 3168 3182 3242 hac
3249 3166 3623 3244 relatione
3702 3166 4002 3245 variata
4069 3171 4410 3273 ejusdem

1244 3282 1623 3361 formulae
1690 3286 2085 3389 integralis
2134 3276 2389 3406 sVbx
2475 3292 2574 3365 ab
2643 3292 2915 3369 eodem
2991 3290 3200 3369 initio
3269 3294 3371 3369 ad
3433 3296 3758 3372 eundem
3823 3298 4055 3373 finem
4120 3324 4408 3400 expan-

1240 3434 1376 3489 sus
1412 3470 1434 3505 ,
1532 3434 1673 3489 seu
1734 3413 1935 3491 intra
2002 3421 2317 3497 eosdem
2395 3418 2768 3497 terminos
2835 3432 3240 3499 contentus
3269 3477 3292 3516 ,
3387 3420 3685 3499 definiri
3751 3423 4234 3525 concipitur,
4295 3451 4406 3504 ·ac

1240 3546 1404 3613 tota
1476 3538 1645 3639 jam
1724 3543 2073 3640 quaestio
2164 3548 2243 3623 in
2310 3550 2460 3622 hoc
2543 3560 2894 3625 versatur
2931 3606 2954 3639 ‚
3036 3560 3120 3623 ut
3181 3549 3410 3651 hujus
3479 3549 3850 3647 postremi
3915 3553 4206 3631 valoris
4275 3578 4407 3630 va·

1237 3662 1410 3741 riati
1478 3688 1840 3747 excessus
1923 3694 2158 3771 supra
2236 3673 2581 3776 priorem
2664 3674 2872 3752 illum
2939 3673 3284 3751 valorem
3351 3676 3726 3754 formulae
3775 3659 4028 3790 sVDx
4091 3680 4405 3761 investi·
4491 3710 4500 3721 ’

1240 3809 1487 3889 getur.
1620 3794 1772 3887 Qui
1836 3822 2191 3877 excessus
2262 3826 2436 3877 cum
2503 3826 2644 3902 per
2709 3784 2992 3915 &svam
3025 3811 3079 3893 ,'
3143 3828 3339 3901 quae
3410 3805 3659 3879 forma
3732 3804 3902 3904 ipsa
3963 3821 4086 3885 est
4147 3808 4404 3883 varia-

1236 3914 1343 3993 tio
1408 3916 1782 3998 formulae
1828 3907 2079 4037 sVBx
2107 3982 2129 4020 ,
2196 3926 2568 4004 indicetur
2603 3988 2625 4020 ‚
2693 3931 2914 4031 hujus
2982 3931 3445 4027 quaestionis
3511 3932 3966 4009 solutionem
4035 3938 4402 4011 hactenus

1237 4043 1579 4121 dedimus
1644 4045 1766 4125 ita
1819 4051 1973 4129 late
2040 4063 2434 4151 patentem
2461 4114 2482 4147 ‚
2579 4067 2666 4131 ut
2739 4080 3006 4135 omnes
3073 4080 3296 4134 casus
3361 4056 3633 4155 quibus
3699 4060 4081 4159 quantitas
4147 4064 4217 4137 V
4285 4077 4404 4138 est

1233 4168 1526 4248 functio
1595 4199 2093 4276 quaecunque
2159 4205 2317 4258 non
2382 4184 2632 4259 solum
2693 4183 3033 4283 ipsarum
3095 4208 3202 4275 ω,
3263 4208 3343 4280 y,
3401 4208 3496 4283 p,
3565 4212 3655 4287 q,
3721 4212 3787 4271 r.
3859 4211 3940 4279 S,
4005 4200 4150 4265 etc.
4259 4188 4399 4267 sed

1232 4295 1461 4373 etiam
1540 4299 1853 4403 insuper
1936 4307 2345 4385 formulam
2426 4310 2812 4407 quandam
2895 4310 3350 4412 integralem
3429 4338 3481 4389 υ
3513 4296 3931 4428 ΞῙῖΒόω
4009 4327 4397 4417 utcunque

1227 4420 1627 4507 involvens
1658 4486 1681 4523 ‚
1778 4432 1857 4507 in
1924 4436 2010 4509 se
2078 4436 2648 4535 complectatur.
