4861 5775
1429 524 1606 597 382
2546 494 3004 581 CAPUT
3132 494 3201 576 Ι.

1297 725 1549 801 vicem
1617 714 2066 818 pendentes,
2133 703 2274 779 sed
2343 702 2452 781 ita
2518 700 2837 781 arbitrio
2901 711 3172 779 nostro
3241 699 3607 800 permitti,
3666 682 3759 779 ut
3826 726 4093 783 omnes
4158 718 4465 805 praeter

1292 874 1527 929 unam
1609 844 1734 919 vel
1811 839 2108 935 aliquas
2191 830 2424 907 certis
2514 830 2903 907 valoribus
2983 828 3221 926 ipsius
3296 848 3355 927 y
3449 832 4009 929 respondentes
4088 832 4315 931 plane
4387 848 4469 908 ut

1295 978 1542 1055 nullas
1609 980 1968 1071 spectare
2047 956 2300 1043 liceat.
2429 956 2637 1033 Nulli
2720 953 3015 1032 seilicet
3079 954 3231 1055 legi
3312 959 3459 1031 hae
3521 957 3993 1033 variationes
4058 957 4467 1035 adstrictae

1295 1115 1474 1184 sunt
1539 1090 2086 1195 concipiendae
2149 1106 2404 1181 neque
2470 1083 2743 1160 relatio
2812 1082 3013 1157 inter
3077 1108 3143 1155 x
3208 1092 3288 1157 et
3348 1105 3407 1181 y
3472 1084 3655 1159 data
3720 1086 3953 1159 ullam
4014 1085 4468 1161 determina·

1297 1234 1588 1308 tionem
1671 1223 1748 1297 in
1832 1220 2018 1296 istas
2097 1210 2569 1289 variationes
2650 1210 2939 1286 inferre
3014 1220 3135 1283 est
3216 1212 3601 1287 censenda
3635 1266 3658 1304 ‚
3756 1234 3945 1311 quas
4010 1223 4093 1286 ut
4153 1236 4467 1310 prorsus

1302 1349 1745 1435 arbitrariae
1809 1354 2166 1447 spectare
2234 1350 2563 1437 oportet.

2371 1590 3195 1688 corollarium
3335 1603 3411 1668 1.

1633 1802 1714 1871 3.
1846 1790 2050 1867 Hinc
2120 1800 2336 1891 patet
2401 1784 2869 1863 variationes
2932 1784 3115 1861 toto*
3182 1784 3405 1861 coelo
3470 1781 3781 1859 differre
3848 1806 3925 1881 a²
3962 1783 4474 1863 differentiali-

1303 1935 1444 2008 bus
1479 1985 1500 2016 ,
1592 1918 1890 1998 etiamsi
1930 1926 2294 2015 'utraque
2374 1914 2527 1991 sint
2601 1910 2891 1987 infinite
2972 1934 3220 2007 parva
3298 1910 3622 2018 ideoque
3688 1912 3919 2009 plane
3984 1930 4473 2007 evanescant,

1302 2023 1626 2131 variatio
1705 2045 1911 2122 enim
1983 2043 2223 2119 afficit
2299 2040 2629 2117 eundem
2708 2036 3059 2113 valorem
3126 2035 3363 2140 ipsius
3426 2062 3521 2136 y,
3616 2038 3864 2114 eidem
3930 2039 4178 2114 valori
4244 2041 4473 2139 ipsius

1309 2208 1372 2257 x
1441 2172 2062 2264 convenientem,
2126 2170 2305 2243 dum
2373 2168 2537 2269 ejus
2603 2163 3107 2240 differentiale
3172 2156 3283 2261 By
3342 2164 3565 2242 simul
3628 2180 4071 2261 sequentem
4136 2167 4475 2243 valorem

1309 2332 1372 2381 x
1413 2320 1527 2388 4-
1561 2294 1676 2382 Ba:
1741 2296 2075 2397 respicit.
2187 2292 2195 2299 ’
3640 2308 3647 2315 ·

2371 2480 3221 2563 corollarium
3354 2494 3437 2563 2.

1643 2690 1724 2777 ⁴12
1855 2678 1928 2755 Si
1993 2678 2192 2755 enim
2239 2700 2334 2753 ex
2399 2674 2769 2753 relatione
2832 2673 3032 2751 inter
3094 2674 3305 2752 x'et
3366 2696 3425 2774 y
3466 2666 3889 2775 -proposita
3953 2673 4101 2771 ipsi
4168 2700 4237 2750 x
4306 2701 4481 2753 con-

1311 2811 1572 2889 veniat
1638 2829 1734 2908 y,
1812 2808 1956 2908 ipsi
2037 2830 2104 2881 x
2139 2797 2402 2890 -t-bx
2464 2826 2657 2881 vero
2721 2801 2943 2879 valor
3006 2802 3245 2904 ipsius
3310 2826 3367 2903 y
3434 2800 3899 2879 conveniens
3966 2816 4309 2902 ponatur
4384 2802 4484 2903 θ’,

1313 2955 1472 3016 tum
1557 2949 1674 3013 est
1749 2928 2136 3034 Byzy'
2173 2973 2277 2988 -
2316 2953 2429 3030 y3
2529 2942 2611 3007 at
2689 2929 3015 3006 variatio
3096 2931 3331 3032 ipsius
3414 2956 3474 3030 y
3552 2931 3991 3028 neutiquam
4069 2933 4365 3030 pendet
4444 2957 4485 3006 a

1273 3066 1578 3141 ‘valore
1663 3073 2030 3160 sequente
2109 3055 2196 3157 gs
2235 3117 2257 3149 ,
2346 3058 2525 3156 quin
2606 3053 2862 3157 potius
2937 3058 3235 3156 utrique
3316 3081 3375 3156 y
3457 3071 3539 3136 et
3598 3055 3683 3155 μ’
3752 3080 3894 3154 pro
3962 3058 4201 3134 lubitu
4279 3083 4485 3136 suam

1262 3291 1268 3296 .
1316 3189 1840 3285 variationem
1891 3185 2212 3266 seorsim
2283 3184 2617 3260 tribuere
2686 3182 2889 3258 licet.

2612 3441 3194 3520 Scholion.

1651 3644 1732 3712 5.
1865 3635 2088 3712 Haec
2171 3635 2672 3712 variationum
2775 3631 2949 3712 idea
3028 3629 3257 3736 quae
3332 3661 3474 3738 per
3564 3661 3647 3714 se
3744 3649 3899 3714 tam
4002 3635 4227 3711 nimis
4298 3659 4493 3736 vaga

1319 3785 1550 3861 quam
1617 3764 1894 3838 sterilis
1965 3763 2206 3838 videri
2277 3776 2551 3861 queat,
2618 3762 2951 3839 maxime
3016 3765 3549 3856 illustrabitur,
3618 3764 3683 3840 si
3748 3766 3919 3866 ejus·
3980 3763 4357 3864 originem
4422 3777 4496 3838 et

1319 3915 1472 3988 quo
1541 3899 1770 3987 pacto
1849 3893 1953 3966 ad
2019 3912 2192 3966 eam
2261 3907 2382 3966 est
2448 3903 2907 3990 perventum
2941 3953 2961 3984 ,
3065 3893 3493 3970 accuratius
3574 3890 4173 3993 exposuerimus.
4314 3891 4496 3966 Per·

1321 4017 1534 4093 duxit
1593 4017 1872 4094 'autem
1969 4041 2060 4093 eo
2143 4013 2623 4117 potissimum
2703 4020 3053 4117 quaestio
3134 4017 3233 4095 de
3314 4015 3568 4095 curvi's
3618 4016 4139 4095 -inveniendis
4180 4074 4202 4106 ,
4300 4007 4495 4115 <inae

1319 4160 1542 4223 certa
1629 4147 1964 4242 quadam
2046 4143 2350 4220 maximi
2415 4141 2799 4222 minimive
2865 4147 3341 4247 proprietate
3405 4144 3557 4222 sint
3620 4146 4062 4246 praeditae,
4130 4147 4339 4220 unde
4403 4171 4495 4220 ne

1319 4275 1481 4348 rem
1569 4273 1645 4346 in
1729 4297 2012 4372 genere
2095 4273 2657 4352 considerando
2724 4275 3157 4351 obscuritas
3224 4277 3693 4364 offundatur,
3763 4273 4165 4373 problema
4234 4285 4496 4348 conte-

1316 4401 1672 4498 plemur,
1772 4425 1924 4500 quo
2003 4402 2204 4478 linea
2283 4425 2522 4479 curva
2600 4401 2995 4498 quaeritur
3032 4461 3053 4496 ,
3148 4425 3380 4504 super
3461 4427 3611 4500 qua
3694 4426 3933 4502 grave
4017 4401 4385 4476 delabens
4456 4427 4495 4472 e

1318 4527 1508 4602 dato
1594 4543 1882 4628 puncto
1964 4528 2322 4606 citissime
2405 4533 2506 4604 ad
2590 4529 2789 4604 aliud
2876 4543 3241 4629 punctum
3326 4533 3586 4608 datum
3670 4529 4113 4606 descendat.
4244 4529 4497 4624 Atque

1325 4654 1447 4728 hic
1547 4654 1848 4750 quidem
1949 4679 2040 4732 ex
2134 4669 2408 4738 natura
2501 4656 3004 4736 maximorum
3106 4672 3183 4736 et
3263 4660 3747 4735 minimorum·
3824 4655 4075 4732 statim
4154 4667 4492 4742 constat,

4760 4563 4762 4582 .

4760 4675 4762 4710 Ῑ

4761 4789 4762 4802 ,
