4861 5775
1274 523 1495 606 492-
1779 633 1795 651 ,
1950 571 1993 620 „
2037 515 2574 596 EvoLtmo
2648 501 3466 598 NONNULLAR'UM
3525 507 3532 512 ’

1148 734 1319 802 tare
1386 687 1570 798 licet
1600 779 1621 813 ‚
1720 741 1919 820 quae
1990 741 2262 797 omnes
2328 720 2891 826 integrationes
2925 782 2948 814 ,
3014 743 3214 823 quae
3289 721 3542 798 adhuc
3608 729 4150 798 successerunt
4183 775 4206 808 ,
4285 717 4366 792 in

1152 875 1239 930 se
1304 849 1892 954 complecta-tur.

1488 1115 1567 1190 2‘.
1700 1105 1969 1184 Talem
2058 1118 2319 1185 autem
2398 1107 2844 1188 methodum
2927 1107 3440 1184 universalem
3527 1108 3696 1210 jam
3789 1106 4094 1208 pridem
4177 1106 4362 1182 mihi

1163 1241 1521 1346 equidem
1586 1235 1969 1314 indicasse
2038 1237 2313 1312 videor
2346 1296 2369 1329 ‚
2466 1241 2648 1315 dum
2717 1235 3022 1314 ostendi
3089 1237 3494 1338 proposita
3559 1257 4018 1335 quacunque
4079 1257 4366 1337 aequa-

1163 1371 1373 1448 tione
1441 1361 1933 1442 differentiali
2002 1363 2165 1440 sive
2230 1364 2467 1465 primi
2535 1364 2698 1442 sive
2767 1363 3059 1441 altioris
3126 1365 3411 1466 gradus
3445 1421 3467 1459 ,
3547 1387 3861 1464 semper
3925 1363 4096 1438 dari
4161 1364 4367 1465 ejus-

1164 1497 1378 1576 modi
1446 1493 1953 1593 quantitatem
1984 1550 2006 1584 ,
2074 1513 2221 1591 per
2292 1518 2528 1592 quam
2593 1491 2657 1572 si
2729 1492 3090 1592 aequatio
3157 1488 3752 1592 multiplicetur,
3781 1491 4103 1590 *evadat
4167 1490 4364 1566 inte·

1096 1727 1103 1738 ι
1172 1621 1487 1730 grabilis
1522 1679 1545 1718 ,
1643 1621 1749 1696 ita
1845 1633 1931 1696 ut
2024 1621 2177 1697 hoc
2276 1624 2544 1700 modo·
2593 1622 2806 1698 nulla
2901 1622 3134 1724 plane
3189 1619 3764 1702 'substitutione
3860 1617 4043 1695 alibi
4145 1617 4368 1694 anxie

1172 1749 1623 1853 quaerenda
1705 1747 1804 1826 sit
1888 1769 2109 1849 opus,
2244 1749 2365 1826 Ex
2430 1775 2586 1850 quo
2651 1774 2808 1828 non
2872 1749 3134 1828 dubito
3173 1805 3196 1844 ,
3294 1749 3494 1826 hanc
3563 1747 4006 1825 methodum
4083 1768 4366 1846 aequa-

1169 1881 1421 1958 tiones
1504 1859 2057 1954 differentiales
2140 1895 2296 1979 ope
2376 1877 3094 1980 multiplicationum
3195 1877 3300 1954 ad
3375 1875 4049 1980 integrabilitatem
4134 1898 4367 1952 revo-

1182 2007 1410 2087 candi
1438 2061 1462 2100 ‚
1562 2019 1931 2104 tanquam
2013 2005 2379 2086 latissime
2455 2019 2853 2108 patentem
2937 2017 3167 2106 atque
3251 2017 3574 2084 naturae
3655 2004 3988 2080 maxime
4073 2027 4394 2090 ‚convec

1175 2136 1514 2212 nientcm
1580 2131 2161 2232 pronunciare3
2242 2159 2419 2210 eum
2481 2134 2688 2210 nulla
2753 2132 3164 2236 integratio
3231 2133 3482 2212 adhue
3551 2133 3649 2212 sit
3715 2131 4104 2231 expedita,
4169 2155 4372 2232 quae

1182 2267 1331 2338 hoc
1412 2261 1651 2338 modo
1698 2265 1899 2338 'non
1983 2260 2209 2338 facile
2293 2261 2590 2340 absolvi
2671 2259 2937 2362 possit.
3071 2263 3266 2338 Cum
3333 2261 3627 2340 scilieet
3692 2261 3942 2337 omnis
4009 2259 4370 2358 aequatio

1184 2387 1711 2466 differentialis
1792 2386 2019 2489 primi
2084 2389 2375 2490 gradus
2454 2387 2530 2465 in
2607 2391 2756 2466 hac
2823 2387 3077 2465 forma
3145 2381 3508 2488 Pbx—{-
3541 2389 3767 2486 Ωδμ
3813 2389 3942 2468 ..·-.··’..
3993 2397 4042 2462 0
4129 2386 4380 2470 conti·

1066 2573 1081 2580 -
1182 2527 1457 2616 neatur
1488 2575 1511 2608 ,
1591 2514 2133 2594 denotantibus
2198 2515 2474 2594 litteris
2533 2515 2596 2590 P
2661 2533 2742 2593 et
2809 2515 2888 2610 Q
2951 2515 3382 2594 functiones
3449 2540 3947 2616 quascunque
4013 2515 4373 2592 binarum

1184 2642 1661 2723 variabilium
1728 2670 1793 2720 x
1862 2657 1941 2722 et
2003 2669 2062 2744 y
2102 2704 2122 2740 ‚
2218 2667 2531 2745 semper
2595 2644 2822 2720 datur
2901 2643 3276 2748 ejusmodi
3345 2623 3886 2745 multiplicator
3953 2643 4048 2720 M
4109 2642 4372 2720 itidem

1188 2771 1479 2850 functio
1546 2771 1929 2870 quaedam
2018 2777 2427 2850 ambarum
2485 2769 2964 2852 variabilium
3027 2799 3092 2849 x
3159 2785 3240 2850 et
3301 2797 3418 2872 y„
3489 2786 3576 2880 ut
3639 2769 3850 2849 facta
3915 2771 4380 2872 multiplica-

1188 2902 1398 2979 tione
1465 2902 1659 2977 haec
1726 2886 1980 2979 forma·
2050 2894 2799 2999 ΜΡᾶκ-Ι--ΜΩὸῃ
2861 2898 2996 2977 fiat
3059 2898 3586 3006 integrabilis;
3653 2901 3877 3004 cujus
3940 2912 4368 3001 propterea

1188 3029 1566 3131 integrale
1648 3029 2051 3125 quantitati
2138 3028 2526 3107 constanti
2607 3027 3063 3105 arbitrariae
3138 3050 3547 3131 aequatum
3629 3026 4019 3108 exhibebit
4083 3048 4374 3127 aequa-

1192 3156 1478 3233 tionem
1524 3155 1977 3257 integralem
2034 3152 2510 3256 aequationis
2561 3154 3091 3237 differentialis
3138 3157 3586 3259 propositae
3623 3150 4372 3255 P3ae÷Q3y22Q

1194 3301 1394 3383 quae
1476 3284 1757 3361 eadem
1831 3284 2027 3363 ratio
2110 3310 2411 3387 quoque
2495 3284 2573 3361 in
2657 3283 3238 3385 aequationibus
3317 3282 3950 3365 differentialibus
4019 3258 4374 3361 altiorum

1028 3420 1037 3429 ’
1170 3412 1577 3527 ‚graduum
1654 3404 1921 3491 locum
2007 3414 2263 3493 habet.
2402 3414 2688 3489 Verum
2769 3414 2919 3489 hoc
3003 3424 3537 3517 argumentum
3615 3415 3742 3493 hic
3819 3414 4054 3492 fusius
4137 3428 4377 3512 expo·

1192 3564 1383 3617 nere
1448 3562 1607 3617 non
1674 3548 1795 3617 est
1862 3541 2214 3638 animus3
2319 3543 2461 3622 sed
2529 3540 2782 3644 potius
2846 3542 3404 3643 praestantiam
3489 3544 3705 3649 hujus
3772 3542 4116 3623 methodi
4183 3561 4377 3639 prae

1196 3667 1685 3767 separatione
1772 3662 2246 3748 variabilium
2348 3667 2582 3751 etiam
2684 3668 3061 3773 ejusmodi
3157 3670 3460 3749 casibus
3541 3670 3814 3772 quibus
3908 3670 3985 3745 id
4067 3668 4378 3745 minime

1195 3795 1571 3893 videatur,
1640 3796 2011 3897 simulque
2077 3820 2454 3878 summam
2521 3795 2682 3901 ejus
2751 3797 3147 3875 utilitatem
3215 3782 3334 3875 liic
3403 3798 3803 3903 declarare
3873 3796 4250 3878 constitui.

1528 4064 1611 4135 3.
1753 4052 2073 4149 Quoties
2160 4056 2454 4145 scilicet
2549 4061 2625 4137 in
2716 4054 3178 4157 aequatione
3265 4052 3744 4135 differentiali
3827 4053 4237 4133 variabiles
4317 4080 4384 4129 x

1148 4194 1279 4290 ‚et
1334 4203 1397 4281 y
1449 4184 1617 4285 jam
1684 4197 1860 4261 sunt
1924 4198 2389 4287 separatae,
2486 4200 2725 4266 totum
2791 4182 3184 4287 negotium
3253 4184 3484 4287 vulgo
3567 4184 3651 4264 tit
3705 4186 3870 4287 jam
3943 4182 4384 4261 confectum

1200 4309 1537 4413 spectari
1602 4310 1859 4405 solet,
1926 4312 2548 4435 quandoquidem
2622 4309 2840 4417 hujus
2909 4308 3386 4409 aequationis

1492 4473 1537 4515 ἡ
1648 4438 1727 4513 X
1760 4431 1906 4521 ὃω
1966 4444 2095 4541 —f—
2160 4444 2226 4521 Y
2260 4442 2313 4536 ὃ
2346 4462 2602 4542 y:
3987 4532 3996 4537 ,

1192 4564 1323 4646 ubi
1386 4567 1467 4645 X
1552 4550 1869 4645 denotat
1966 4570 2434 4650 functionem
2531 4566 2763 4649 solius
2862 4594 2928 4645 x
3012 4528 3090 4650 et
3165 4570 3232 4665 Y
3326 4572 3557 4650 solius
3622 4594 3730 4670 y,
3787 4572 4208 4677 ·inte·grale
4307 4572 4390 4649 in

1192 4707 1503 4793 promtu
1566 4714 1690 4772 est
3989 4710 4002 4719 '
4155 4694 4166 4708 '
