4861 5775
1682 486 2135 567 CAPUT
2262 487 2323 568 1.
2639 583 2653 594 .
3299 513 3512 587 339.

432 707 771 764 curvae.·
808 683 1387 802 {investigandae
1470 674 1571 764 ad
1658 687 2099 800 superficies
2177 687 2742 770 terminatrioes
2833 697 3258 776 transferre
3357 702 3610 800 liceat,

427 811 713 913 quippe
784 835 1105 908 quarum
1169 811 1462 892 indoles
1528 813 1603 890 in
1684 813 2009 916 utroque
2076 817 2401 893 termino
2473 817 2932 898 relationem
2997 847 3338 905 mutuam
3405 832 3612 911 inter

427 939 893 1015 variationes
960 937 1519 1016 determinabit.

1492 1279 1511 1296 .
1630 1217 2192 1340 Scholion
2339 1235 2414 1300 2.

760 1430 897 1506 ¹9.
1034 1419 1700 1518 Quemadmodum
1778 1420 1905 1498 hic
1982 1433 2146 1503 tres
2222 1425 2630 1506 variabiles
2735 1450 3000 1508 sumus
3081 1435 3608 1538 contemplati,

428 1569 755 1645 quarum
820 1547 1094 1627 relatio
1164 1549 1459 1624 duabus
1528 1547 2115 1645 aequationibus
2182 1552 2784 1650 determinatur,
2873 1557 2981 1632 ita
3049 1557 3282 1652 etiam
3349 1561 3606 1638 calcu-

422 1674 541 1751 lus
606 1675 1089 1754 variabilium
1156 1676 1258 1750 ad
1322 1684 1653 1774 quatuor
1717 1675 2077 1774 pluresve
2146 1682 2455 1756 extendi
2525 1694 2826 1782 potest,
2890 1682 3265 1782 siquidem
3331 1688 3604 1764 relatio

419 1825 567 1901 per
643 1814 764 1879 tot
837 1801 1335 1901 aequationes
1422 1800 1896 1901 exprimatur
1974 1815 2058 1880 ut
2144 1829 2288 1904 per
2366 1810 2670 1886 unicam
2753 1808 3198 1887 variabilem
3263 1811 3602 1911 reliquae

421 1951 689 2008 omnes
754 1927 1471 2007 determinationem
1536 1951 1757 2006 suam
1824 1927 2394 2030 nanciscantur,
2459 1936 2756 2014 etiamsi
2820 1937 3038 2038 hujus
3106 1959 3331 2014 casus
3389 1938 3596 2016 illus·

419 2055 649 2134 tratio
730 2080 891 2136 non
976 2055 1299 2155 amplius
1378 2079 1473 2132 ex
1544 2055 1985 2132 Geometria
2067 2057 2307 2136 tribus
2402 2079 2698 2140 tantum
2797 2061 3392 2140 dimensionibus
3483 2066 3598 2140 in-

420 2181 644 2260 elusa‘
694 2183 858 2287 peti
924 2171 1194 2281 queat,
1288 2181 1433 2282 nisi
1522 2183 1723 2259 forte
1818 2193 2122 2284 tempus
2222 2185 2299 2264 in
2394 2190 2814 2268 subsidium
2893 2213 3182 2267 vocare
3251 2190 3594 2286 velimuS,

418 2306 733 2392 fluvium
790 2311 1242 2388 'continuum
1310 2334 1358 2385 a
1424 2310 1824 2410 superficie
1893 2313 1958 2385 A
1994 2311 2059 2384 B
2128 2311 2229 2388 ad
2293 2317 2779 2416 superficiem
2849 2319 2910 2393 C
2942 2317 3017 2390 D
3083 2315 3597 2416 profluentem

416 2446 555 2525 sed
646 2437 1017 2540 temporis
1116 2437 1338 2538 lapsu
1418 2438 1709 2540 jugiter
1792 2436 2270 2514 immutatum
2360 2445 2980 2548 considerantes,
3090 2442 3196 2518 ita
3275 2423 3356 2518 ut
3437 2459 3597 2519 tum

416 2571 648 2652 etiam
728 2565 1101 2666 temporis
1183 2577 1653 2642 momentum
1740 2563 1839 2642 sit
1920 2564 2501 2666 assignandum,
2631 2594 2783 2669 quo
2884 2571 3290 2668 quaepiam
3389 2569 3596 2644 fluvii

414 2721 617 2778 vena
684 2719 729 2772 a
796 2690 1201 2793 superficie
1271 2685 1423 2767 AB
1491 2691 1591 2769 ad
1656 2691 2141 2791 superficiem
2209 2695 2385 2770 CD
2453 2710 2823 2798 porrecta
2887 2693 3194 2770 maximi
3263 2695 3384 2772 vel
3450 2697 3589 2772 mi·

412 2827 595 2905 nimi
658 2819 1139 2925 proprietate
1206 2817 1541 2916 quadam
1605 2816 1701 2896 sit
1762 2817 2140 2918 praedita.
2305 2823 2419 2898 Ad
2504 2848 2693 2923 quas
2779 2809 3189 2899 variabiles
3257 2822 3320 2899 si
3385 2822 3590 2900 insu-

389 2960 555 3057 ''per
619 2946 1035 3029 celeritatis
1098 2940 1679 3023 mutabilitatem
1749 2943 2219 3047 adjiciamus,
2287 2952 2484 3026 haec
2547 2949 2825 3053 maj0ri
2888 2948 3396 3025 variationum
3452 2974 3599 3061 nu·-

412 3105 631 3161 mero
696 3075 1147 3154 illustrando
1214 3072 1587 3151 inservire
1650 3084 2043 3174 poterunt.
2204 3074 2592 3176 ImprimIs
2676 3088 2929 3152 autem
2995 3076 3172 3153 hinc
3238 3075 3588 3179 intelligi·

408 3228 573 3305 tur,
672 3202 968 3283 etiamsi
1052 3224 1319 3279 omnes
1401 3201 1811 3279 variabiles
1885 3224 2034 3299 per
2122 3204 2428 3280 unicam
2511 3202 3006 3281 determinari
3073 3217 3588 3295 assumantur,

406 3337 783 3414 rationem
850 3327 1455 3431 investigationis
1522 3347 1779 3405 tamen
1846 3329 1945 3404 ab
2011 3354 2105 3404 ea
2172 3332 2302 3405 ubi
2366 3331 2562 3406 duae
2627 3342 2922 3407 tantum
2988 3328 3394 3406 variabiles
3453 3332 3588 3405 ad·

406 3466 841 3553 mittuntur,
904 3457 1235 3540 maxime
1300 3456 1793 3555 discrepare,
1834 3442 1845 3447 ’
1890 3466 2310 3556 propterea
2390 3458 2598 3553 quod
2679 3454 2994 3557 singulis
3067 3478 3251 3531 suae
3331 3457 3586 3530 varia-

406 3592 657 3671 tiones
740 3612 787 3661 a
862 3581 1173 3680 reliquis
1254 3604 1411 3655 non
1501 3582 1931 3681 pendentes
1968 3562 1975 3573 ⁴
2015 3581 2240 3657 tribui
2330 3580 2652 3675 debent3
2766 3605 3018 3678 neque
3101 3578 3303 3655 enim
3381 3582 3582 3678 inde,

407 3720 613 3831 quod
683 3714 884 3791 inter
948 3706 1356 3832 variabiles
1430 3706 1649 3807 ipsas
1728 3719 1941 3781 certa
2023 3708 2401 3803 quaedam
2483 3706 2753 3785 relatio
2823 3707 3307 3807 agnoscitur,
3404 3684 3596 3788 ideo*

406 3840 711 3947 quoque
790 3851 1056 3917 earum
1137 3833 1605 3946 variationes
1684 3832 1813 3907 ulli
1902 3832 2256 3909 relationi
2336 3834 2756 3912 adstrictae
2847 3844 3021 3911 sunt
3118 3836 3574 3914 censendae.
3627 3936 3632 3940 ι

404 3972 651 4051 Veluti
734 3994 827 4047 ex
912 3990 1099 4043 casu
1180 3938 1357 4041 ante
1436 3960 1669 4045 allato
1736 3958 2222 4037 manifestum
2289 3977 2447 4057 est,
2546 3964 2671 4039 ubi
2760 3986 2998 4039 curva
3081 3960 3278 4037 inter
3358 3962 3578 4042 binas

404 4098 847 4201 superficies
914 4094 1077 4170 ‘AB
1146 4103 1223 4166 et
1290 4092 1459 4167 CD
1542 4100 1909 4189 porrecta
1974 4100 2052 4163 et
2114 4102 2329 4163 certa
2394 4088 2700 4167 maximi
2765 4086 3150 4164 minimive
3221 4093 3578 4189 pr·op1ie-

402 4245 561 4306 tate
622 4224 975 4325 praedita
1040 4217 1295 4316 utique
1361 4216 1471 4293 ita
1536 4228 1659 4295 est
1722 4218 1801 4293 in
1866 4238 1951 4291 se
2016 4215 2562 4311 determinata,
2637 4229 2723 4293 ut
2781 4229 3032 4293 sumta
3095 4212 3574 4293 coordinata-

401 4380 571 4433 rum
636 4378 833 4443 una,
918 4349 1147 4428 binae
1224 4345 1562 4445 reliquae
1642 4340 2289 4437 determinentur3
2372 4343 2605 4420 nihilo
2688 4367 2876 4419 vero
2957 4340 3209 4417 minus
3288 4367 3574 4421 curvae

402 4467 747 4560 variatae
846 4500 1113 4555 omnes
1206 4496 1406 4573 quae
1482 4473 1561 4551 in
1642 4494 1911 4551 omnes
1988 4472 2264 4573 plagas
2349 4474 2448 4547 ab
2527 4470 2656 4549 illa
2737 4469 3152 4548 deflectere
3229 4488 3574 4569 possunt,

399 4634 548 4712 pro
614 4604 927 4711 singulis
994 4599 1465 4683 coordinatis
1530 4602 1905 4707 recipiunt
1972 4598 2434 4675 variationes
2501 4597 2940 4696 neutiquam
3007 4621 3054 4673 a
3112 4618 3196 4671 se
3247 4594 3570 4675 invicem
