4861 5775
1387 455 1573 549 aso
2276 509 2283 516 .
2543 445 3001 547 cARtJT
3129 449 3196 530 Ι.

1255 664 2031 762 ιηαὶηιί..ιηίιιίωἰνᾳ
2063 663 2532 768 -quuspiam
2571 661 3076 763 proprietate
3143 663 3248 742 sit
3307 665 3684 766 praedita,
3748 681 3914 755 'tum
3979 675 4222 756 multo
4285 697 4456 757 nu-

1254 797 1381 900 gis
1444 791 2182 890 erit-..necessarium
2246 803 2407 868 tam
2471 788 2791 893 siugulis
2851 789 3223 882 abscissis
3287 791 3440 870 Ax
3511 813 3740 892 quam
3807 797 4212 898 applicatis
4274 801 4358 881 X
4385 803 4456 880 Y

1262 921 1731 1020 variationes
1794 941 2293 1018 quascunque
2354 917 2566 996 nulla
2627 916 2799 1018 lege
2881 916 3294 996 adstrictas
3357 919 3438 996 iu
3505 921 3804 1010 calculo
3875 924 4292 1028 assignari,
4369 943 4458 1008 nt

1264 1049 1635 1147 deinceps
1701 1060 1863 1142 tam
1913 1047 2031 1142 ‚ad
2088 1044 2286 1121 initii
2366 1049 2435 1124 G
2501 1067 2792 1134 curvae
2857 1043 3298 1143 quaesitae,
3345 1069 3616 1144 ·quam
3683 1051 3852 1152 ejus
3921 1051 4089 1130 finis
4157 1055 4248 1130 M
4313 1079 4452 1134 va-

1272 1175 1667 1261 riationem
1738 1171 2146 1270 transserri
2227 1171 2553 1271 possint.
2649 1223 2662 1262 s
2721 1169 3186 1268 Quanquam
3265 1185 3520 1250 autem
3599 1177 3795 1252 haec
3873 1175 4276 1260 illustratio
4357 1207 4452 1262 ex

1272 1301 1732 1398 Geometria(
1766 1312 1904 1392 est
1973 1300 2397 1395 desumta„
2464 1309 2738 1390 tamen,
2804 1297 3032 1390 facile
3114 1297 3554 1402 intelligitur
3618 1298 3872 1381 ideam
3919 1305 4449 1390 rariationum

1265 1418 1444 1528 inde
1510 1429 1833 1529 petitam
1902 1425 2139 1503 multo
2202 1425 2454 1518 latius,
2503 1438 2816 1522 patere,
2913 1437 3146 1522 atque
3211 1425 3290 1500 in
3355 1427 3670 1526 Analysi
3735 1431 4102 1511 absoluta·
4153 1455 4450 1512 summo

1264 1545 1439 1636 us'u.
1476 1578 1635 1637 non
1700 1537 1877 1650 esse
1922 1552 2395 1648 ‚oar-ituram..
2541 1550 3110 1629 celeberrimus
3173 1569 3432 1630 autem
3497 1554 3594 1630 de
3659 1554 3735 1633 la
3805 1558 4173 1658 Grange,
4264 1586 4450 1638 acu-

1262 1684 1594 1784 tissimus
1650 1683 2085 1778 ‚Geometra
2149 1675 2690 1772 Taurinensis,
2789 1677 2910 1754 cui
2985 1676 3280 1778 primas
3345 1680 3910 1780 speculationes
3983 1685 4086 1762 de
4151 1686 4449 1764 calculo

1264 1809 1773 1906 variationum
1840 1819 2209 1904 acceptas
2276 1807 2574 1882 referre
2639 1803 3043 1895 debemus,
3147 1810 3351 1884 hane
3399 1805 3876 1886 'methodum
3951 1811 4152 1890 adeo
4231 1812 4448 1916 inge-

1264 1935 1693 2017 niosissime
1728 1934 2141 2027 ⁴transtulit
2208 1933 2308 2008 ad
2376 1931 2614 2010 lineas
2697 1953 2858 2006 non
2945 1932 3347 2010 continuas
3417 1934 3648 2013 veluti
3715 1937 3814 2010 ad
3875 1939 4442 2039 polygonorum

1266 2087 1512 2166 genus
1577 2061 2053 2152 referendas,
2124 2058 2199 2132 in
2266 2081 2419 2155 quo
2492 2055 2809 2160 negotio
2875 2059 3022 2139 hae
3085 2059 3437 2160 duplices
3501 2059 3966 2142 variationes
4029 2063 4172 2164 ipsi
4237 2089 4446 2150 sum-

1266 2215 1471 2268 mam
1538 2187 2087 2289 praestiterunt
2156 2183 2584 2260 utilitatem.

2420 2503 3050 2640 'Definitio
3191 2532 3269 2596 3.

1602 2725 1734 2790 12.
1881 2714 2191 2790 Relatio
2294 2718 2502 2787 inter
2596 2721 2755 2787 tres
2845 2711 3315 2800 variabiles.,
3417 2711 3728 2790 duabus
3825 2716 4443 2818 aequationibus

1266 2846 1841 2930 determinata,
1936 2842 2255 2915 variari
2336 2838 2671 2932 dicitur,
2781 2845 2864 2917 si.
2933 2849 3216 2916 earum
3293 2839 3424 2915 vet
3483 2863 3696 2933 una,
3797 2844 3923 2920 vel
3983 2843 4229 2937 duae,
4321 2845 4451 2921 vel

1266 2996 1539 3049 omnes
1609 2978 1769 3044 tres
1824 2968 2245 3066 particulis
2312 2970 2632 3067 infinite
2690 2973 2974 3065 parvis
3041 2974 3542 3065 auqeantur,
3639 2958 3870 3069 quae'
3925 2996 4210 3049 smum
4293 2995 4442 3048 va·-

1262 3104 1649 3175 riationes
1718 3094 2241 3193 appellantur.

2493 3398 3229 3499 Explicatio.

1600 3616 1733 3683 13.
1829 3606 2023 3683 Cum
2050 3620 2209 3683 tres
2248 3624 2788 3708 proponantur
2835 3606 3242 3685 variabiles
3283 3608 3746 3709 quantitates
3776 3608 4006 3685 veluti
4032 3634 4122 3701 x,
4151 3632 4210 3707 y
4243 3630 4324 3685 et
4355 3632 4436 3695 z,

1265 3736 1461 3811 inter
1524 3756 1717 3831 quas
1784 3732 1979 3809 duae
2046 3734 2542 3832 aequationes
2608 3734 2776 3811 dari
2839 3734 3408 3835 concipiuntur,
3477 3758 3571 3812 ex
3637 3760 4094 3835 unaquaque
4168 3758 4438 3813 earum

1261 3860 1481 3937 binas
1561 3858 1891 3958 reliquas
1973 3860 2486 3937 determinare
2569 3863 2787 3959 licet,
2885 3862 2990 3938 ita
3071 3876 3154 3937 ut
3232 3876 3390 3939 tam
3467 3882 3526 3959 y
3617 3886 3849 3960 quam
3931 3888 3986 3939 z
4063 3881 4436 3962 tanquam

1264 3986 1550 4064 functio
1632 3985 1867 4087 ipsius
1943 4010 2009 4061 x
2087 3988 2422 4088 spectari
2508 3990 2777 4089 p'ossit.
2945 3990 3120 4064 Hoc
3201 4002 3456 4063 autem
3547 3990 3782 4067 modo
3864 3987 4161 4067 definiri
4237 3989 4434 4065 solet

1260 4114 1459 4193 linea
1526 4136 1765 4191 curva
1827 4138 1985 4191 non
2052 4114 2129 4191 in
2196 4115 2467 4194 eodem
2531 4117 2762 4218 plano
2825 4114 3241 4213 descripta,
3307 4116 3488 4191 dum
3551 4116 3850 4219 singula
3916 4116 4079 4219 ejus
4135 4132 4429 4217 puncta

1258 4264 1403 4341 per
1498 4240 1635 4319 has
1731 4252 1993 4319 ternas
2086 4242 2576 4323 coordinatus
2672 4268 2778 4335 x,
2870 4264 2929 4339 y
3011 4252 3089 4319 et
3163 4264 3224 4329 z·
3295 4266 3516 4321 more
3607 4242 3829 4323 solito
3915 4242 4425 4345 assignantur.

1264 4366 1561 4461 Quodsi
1634 4368 1797 4471 jam
1876 4366 2049 4444 talis
2126 4392 2369 4445 curva
2454 4369 2604 4447 alia
2667 4390 3122 4467 quacunque
3189 4367 3329 4447 sibi
3395 4368 3748 4469 proxima
3813 4370 4247 4459 comitetur,
4341 4384 4428 4445 ut

1256 4493 1691 4573 differentia
1754 4494 1853 4577 sit
1916 4492 2203 4572 infinite
2268 4516 2554 4593 parva,
2653 4497 2849 4573 haee
2927 4518 3134 4571 nova
3213 4520 3452 4575 curva
3527 4498 3980 4598 propositae
4059 4497 4222 4573 erit.
4285 4519 4428 4571 va-

1256 4620 1479 4718 riata,
1546 4644 1639 4699 ac
1702 4618 1971 4699 relatio
2036 4618 2163 4695 illa
2229 4620 2427 4697 inter
2477 4634 2754 4702 ternas
2817 4620 3227 4701 variabiles
3289 4650 3380 4717 x,
3443 4648 3522 4722 y,
3591 4648 3643 4701 z
3707 4624 4004 4701 variata
4065 4624 4226 4725 ejus
4277 4646 4427 4699 na-
