<?xml version="1.0" encoding="UTF-8"?>
<!DOCTYPE html PUBLIC "-//W3C//DTD XHTML 1.0 Transitional//EN"
    "http://www.w3.org/TR/xhtml1/DTD/xhtml1-transitional.dtd">
<html xmlns="http://www.w3.org/1999/xhtml" xml:lang="en" lang="en">
 <head>
  <title>
</title>
<meta http-equiv="Content-Type" content="text/html;charset=utf-8" />
  <meta name='ocr-system' content='tesseract 3.04.00' />
  <meta name='ocr-capabilities' content='ocr_page ocr_carea ocr_par ocr_line ocrx_word'/>
</head>
<body>
  <div class='ocr_page' id='page_1' title='image "./leonhardieuleri05eulegoog/leonhardieuleri05eulegoog_0297.png"; bbox 0 0 4861 5775; ppageno 0'>
   <div class='ocr_carea' id='block_1_1' title="bbox 1761 584 3533 699">
    <p class='ocr_par' dir='ltr' id='par_1_1' title="bbox 1761 584 3533 699">
     <span class='ocr_line' id='line_1_1' title="bbox 1761 584 3533 699; baseline 0.005 -37"><span class='ocrx_word' id='word_1_1' title='bbox 1761 584 2210 699; x_wconf 67' lang='lat' dir='ltr'><strong>cAru&#39;r</strong></span> <span class='ocrx_word' id='word_1_2' title='bbox 2329 584 2399 661; x_wconf 87' lang='lat'><strong>1.</strong></span> <span class='ocrx_word' id='word_1_3' title='bbox 3356 599 3533 675; x_wconf 78' lang='lat'><strong>287</strong></span> 
     </span>
    </p>
   </div>
   <div class='ocr_carea' id='block_1_2' title="bbox 1579 850 2589 965">
    <p class='ocr_par' dir='ltr' id='par_1_2' title="bbox 1579 850 2589 965">
     <span class='ocr_line' id='line_1_2' title="bbox 1579 850 2589 965; baseline 0 -2"><span class='ocrx_word' id='word_1_4' title='bbox 1579 850 2366 963; x_wconf 81' lang='lat' dir='ltr'><strong>Corollarium</strong></span> <span class='ocrx_word' id='word_1_5' title='bbox 2505 898 2589 965; x_wconf 88' lang='lat'><strong>2.</strong></span> 
     </span>
    </p>
   </div>
   <div class='ocr_carea' id='block_1_3' title="bbox 485 1078 3664 1573">
    <p class='ocr_par' dir='ltr' id='par_1_3' title="bbox 485 1078 3664 1573">
     <span class='ocr_line' id='line_1_3' title="bbox 823 1078 3664 1183; baseline 0 -26"><span class='ocrx_word' id='word_1_6' title='bbox 823 1090 1034 1159; x_wconf 77' lang='grc'><strong>381.</strong></span> <span class='ocrx_word' id='word_1_7' title='bbox 1145 1085 1408 1182; x_wconf 72' lang='lat' dir='ltr'><strong>Porro</strong></span> <span class='ocrx_word' id='word_1_8' title='bbox 1479 1080 1936 1157; x_wconf 83' lang='lat' dir='ltr'>observasse</span> <span class='ocrx_word' id='word_1_9' title='bbox 1999 1080 2324 1182; x_wconf 81' lang='lat' dir='ltr'><strong>juvabit,</strong></span> <span class='ocrx_word' id='word_1_10' title='bbox 2391 1078 2453 1154; x_wconf 92' lang='lat' dir='ltr'><strong>si</strong></span> <span class='ocrx_word' id='word_1_11' title='bbox 2523 1082 2865 1183; x_wconf 82' lang='lat' dir='ltr'><strong>ejusdem</strong></span> <span class='ocrx_word' id='word_1_12' title='bbox 2929 1078 3312 1155; x_wconf 80' lang='lat' dir='ltr'><strong>variabilis</strong></span> <span class='ocrx_word' id='word_1_13' title='bbox 3378 1094 3564 1179; x_wconf 85' lang='lat' dir='ltr'><strong>puta</strong></span> <span class='ocrx_word' id='word_1_14' title='bbox 3600 1100 3664 1157; x_wconf 73' lang='lat' dir='ltr'><strong><em>x</em></strong></span> 
     </span>
     <span class='ocr_line' id='line_1_4' title="bbox 495 1206 3663 1309; baseline -0.001 -23"><span class='ocrx_word' id='word_1_15' title='bbox 495 1213 689 1287; x_wconf 87' lang='lat' dir='ltr'><strong>duae</strong></span> <span class='ocrx_word' id='word_1_16' title='bbox 755 1210 1112 1309; x_wconf 83' lang='lat' dir='ltr'><strong>pluresve</strong></span> <span class='ocrx_word' id='word_1_17' title='bbox 1181 1222 1596 1285; x_wconf 89' lang='lat' dir='ltr'><strong>occurrant</strong></span> <span class='ocrx_word' id='word_1_18' title='bbox 1667 1206 2090 1283; x_wconf 85' lang='lat' dir='ltr'><strong>functiones</strong></span> <span class='ocrx_word' id='word_1_19' title='bbox 2163 1206 2651 1298; x_wconf 80' lang='lat' dir='ltr'><strong>arbitrariae,</strong></span> <span class='ocrx_word' id='word_1_20' title='bbox 2748 1230 2978 1283; x_wconf 84' lang='lat' dir='ltr'><strong>unam</strong></span> <span class='ocrx_word' id='word_1_21' title='bbox 3060 1208 3365 1305; x_wconf 87' lang='lat' dir='ltr'><strong>quidem</strong></span> <span class='ocrx_word' id='word_1_22' title='bbox 3436 1211 3663 1284; x_wconf 87' lang='lat' dir='ltr'><strong>abso·</strong></span> 
     </span>
     <span class='ocr_line' id='line_1_5' title="bbox 496 1327 3663 1436; baseline -0.001 -25"><span class='ocrx_word' id='word_1_23' title='bbox 496 1340 653 1413; x_wconf 84' lang='lat' dir='ltr'><strong>lute</strong></span> <span class='ocrx_word' id='word_1_24' title='bbox 721 1337 945 1436; x_wconf 89' lang='lat' dir='ltr'><strong>poni,</strong></span> <span class='ocrx_word' id='word_1_25' title='bbox 1042 1327 1380 1413; x_wconf 65' lang='lat' dir='ltr'><strong>alteram&#39;</strong></span> <span class='ocrx_word' id='word_1_26' title='bbox 1444 1360 1588 1434; x_wconf 90' lang='lat' dir='ltr'><strong>per</strong></span> <span class='ocrx_word' id='word_1_27' title='bbox 1669 1358 1726 1432; x_wconf 76' lang='lat' dir='ltr'><strong><em>y</em></strong></span> <span class='ocrx_word' id='word_1_28' title='bbox 1809 1332 2334 1433; x_wconf 76' lang='lat' dir='ltr'><strong>multiplicari,</strong></span> <span class='ocrx_word' id='word_1_29' title='bbox 2434 1335 2739 1409; x_wconf 78' lang='lat' dir='ltr'><strong>tertiam</strong></span> <span class='ocrx_word' id='word_1_30' title='bbox 2818 1359 3005 1411; x_wconf 82' lang='lat' dir='ltr'><strong>vero</strong></span> <span class='ocrx_word' id='word_1_31' title='bbox 3088 1336 3145 1410; x_wconf 91' lang='lat' dir='ltr'><strong>si</strong></span> <span class='ocrx_word' id='word_1_32' title='bbox 3232 1334 3430 1411; x_wconf 85' lang='lat' dir='ltr'><strong>adsit</strong></span> <span class='ocrx_word' id='word_1_33' title='bbox 3522 1360 3663 1433; x_wconf 89' lang='lat' dir='ltr'><strong>per</strong></span> 
     </span>
     <span class='ocr_line' id='line_1_6' title="bbox 485 1461 3379 1573; baseline -0.002 -34"><span class='ocrx_word' id='word_1_34' title='bbox 485 1479 736 1563; x_wconf 40' lang='lat' dir='ltr'><strong>{gs-ts,</strong></span> <span class='ocrx_word' id='word_1_35' title='bbox 805 1486 938 1539; x_wconf 88' lang='lat' dir='ltr'><strong>seu</strong></span> <span class='ocrx_word' id='word_1_36' title='bbox 1003 1464 1208 1561; x_wconf 91' lang='lat' dir='ltr'><strong>quod</strong></span> <span class='ocrx_word' id='word_1_37' title='bbox 1279 1464 1550 1540; x_wconf 87' lang='lat' dir='ltr'><strong>eodem</strong></span> <span class='ocrx_word' id='word_1_38' title='bbox 1618 1462 1856 1552; x_wconf 82' lang='lat' dir='ltr'><strong>redit,</strong></span> <span class='ocrx_word' id='word_1_39' title='bbox 1921 1486 2064 1573; x_wconf 84' lang='lat' dir='ltr'><strong>per</strong></span> <span class='ocrx_word' id='word_1_40' title='bbox 2128 1486 2273 1559; x_wconf 82' lang='lat' dir='ltr'><strong>yy</strong></span> <span class='ocrx_word' id='word_1_41' title='bbox 2337 1461 2914 1561; x_wconf 66' lang='lat' dir='ltr'><strong>multiplicatam</strong></span> <span class='ocrx_word' id='word_1_42' title='bbox 2981 1463 3379 1539; x_wconf 81' lang='lat' dir='ltr'><strong>accedere.</strong></span> 
     </span>
    </p>
   </div>
   <div class='ocr_carea' id='block_1_4' title="bbox 1552 1783 2590 1862">
    <p class='ocr_par' dir='ltr' id='par_1_4' title="bbox 1552 1783 2590 1862">
     <span class='ocr_line' id='line_1_7' title="bbox 1552 1783 2590 1862; baseline -0.002 -1"><span class='ocrx_word' id='word_1_43' title='bbox 1552 1783 2368 1862; x_wconf 89' lang='lat' dir='ltr'><strong>Corollarium</strong></span> <span class='ocrx_word' id='word_1_44' title='bbox 2512 1795 2590 1859; x_wconf 84' lang='grc'><strong>3.</strong></span> 
     </span>
    </p>
   </div>
   <div class='ocr_carea' id='block_1_5' title="bbox 394 1950 3775 2582">
    <p class='ocr_par' dir='ltr' id='par_1_5' title="bbox 394 1950 3775 2582">
     <span class='ocr_line' id='line_1_8' title="bbox 819 1950 3661 2075; baseline -0.002 -24"><span class='ocrx_word' id='word_1_45' title='bbox 819 1950 1026 2051; x_wconf 69' lang='grc'><strong>382.</strong></span> <span class='ocrx_word' id='word_1_46' title='bbox 1157 1974 1540 2075; x_wconf 88' lang='lat' dir='ltr'><strong>Perpetuo</strong></span> <span class='ocrx_word' id='word_1_47' title='bbox 1632 1991 1884 2053; x_wconf 88' lang='lat' dir='ltr'><strong>autem</strong></span> <span class='ocrx_word' id='word_1_48' title='bbox 1965 1977 2376 2056; x_wconf 86' lang='lat' dir='ltr'><strong>tenendum</strong></span> <span class='ocrx_word' id='word_1_49' title='bbox 2460 1987 2580 2051; x_wconf 87' lang='lat' dir='ltr'><strong>est</strong></span> <span class='ocrx_word' id='word_1_50' title='bbox 2659 1976 2799 2049; x_wconf 89' lang='lat' dir='ltr'><strong>has</strong></span> <span class='ocrx_word' id='word_1_51' title='bbox 2868 1973 3298 2050; x_wconf 85' lang='lat' dir='ltr'><strong>functiones</strong></span> <span class='ocrx_word' id='word_1_52' title='bbox 3367 1974 3470 2047; x_wconf 90' lang='lat' dir='ltr'><strong>ita</strong></span> <span class='ocrx_word' id='word_1_53' title='bbox 3540 1998 3661 2046; x_wconf 86' lang='lat' dir='ltr'><strong>ar-</strong></span> 
     </span>
     <span class='ocr_line' id='line_1_9' title="bbox 489 2076 3661 2203; baseline -0.001 -28"><span class='ocrx_word' id='word_1_54' title='bbox 489 2099 710 2175; x_wconf 86' lang='lat' dir='ltr'><strong>bitrio</strong></span> <span class='ocrx_word' id='word_1_55' title='bbox 775 2116 1042 2175; x_wconf 82' lang='lat' dir='ltr'><strong>nostro</strong></span> <span class='ocrx_word' id='word_1_56' title='bbox 1108 2102 1452 2203; x_wconf 85' lang='lat' dir='ltr'><strong>relinqui,</strong></span> <span class='ocrx_word' id='word_1_57' title='bbox 1521 2116 1601 2181; x_wconf 89' lang='lat' dir='ltr'><strong>et</strong></span> <span class='ocrx_word' id='word_1_58' title='bbox 1662 2104 1892 2181; x_wconf 86' lang='lat' dir='ltr'><strong>etiam</strong></span> <span class='ocrx_word' id='word_1_59' title='bbox 1955 2102 2381 2179; x_wconf 85' lang='lat' dir='ltr'><strong>functiones</strong></span> <span class='ocrx_word' id='word_1_60' title='bbox 2450 2100 2977 2179; x_wconf 83' lang='lat' dir='ltr'><strong>discontinuae</strong></span> <span class='ocrx_word' id='word_1_61' title='bbox 3046 2076 3181 2175; x_wconf 79' lang='lat' dir='ltr'><strong>seu</strong></span> <span class='ocrx_word' id='word_1_62' title='bbox 3226 2100 3429 2174; x_wconf 89' lang='lat' dir='ltr'><strong>nulla</strong></span> <span class='ocrx_word' id='word_1_63' title='bbox 3476 2126 3661 2175; x_wconf 70' lang='lat' dir='ltr'><strong>con-</strong></span> 
     </span>
     <span class='ocr_line' id='line_1_10' title="bbox 491 2225 3775 2329; baseline 0.001 -31"><span class='ocrx_word' id='word_1_64' title='bbox 491 2225 855 2303; x_wconf 87' lang='lat' dir='ltr'><strong>tinuitatis</strong></span> <span class='ocrx_word' id='word_1_65' title='bbox 923 2226 1092 2329; x_wconf 82' lang='lat' dir='ltr'><strong>lege</strong></span> <span class='ocrx_word' id='word_1_66' title='bbox 1161 2242 1572 2307; x_wconf 86' lang='lat' dir='ltr'><strong>contentae</strong></span> <span class='ocrx_word' id='word_1_67' title='bbox 1637 2254 1794 2309; x_wconf 89' lang='lat' dir='ltr'><strong>non</strong></span> <span class='ocrx_word' id='word_1_68' title='bbox 1865 2231 2389 2309; x_wconf 83' lang='lat' dir='ltr'><strong>excludantur.</strong></span> <span class='ocrx_word' id='word_1_69' title='bbox 2558 2227 2857 2305; x_wconf 85' lang='lat' dir='ltr'><strong>Scilicet</strong></span> <span class='ocrx_word' id='word_1_70' title='bbox 2936 2230 2997 2303; x_wconf 86' lang='lat' dir='ltr'><strong>si</strong></span> <span class='ocrx_word' id='word_1_71' title='bbox 3080 2226 3321 2302; x_wconf 90' lang='lat' dir='ltr'><strong>libero</strong></span> <span class='ocrx_word' id='word_1_72' title='bbox 3388 2250 3659 2301; x_wconf 88' lang='lat' dir='ltr'><strong>manus</strong></span> <span class='ocrx_word' id='word_1_73' title='bbox 3768 2306 3775 2313; x_wconf 66' lang='grc'><strong><em>,</em></strong></span> 
     </span>
     <span class='ocr_line' id='line_1_11' title="bbox 394 2348 3653 2458; baseline 0 -32"><span class='ocrx_word' id='word_1_74' title='bbox 394 2407 405 2416; x_wconf 82' lang='lat'><em>-</em></span> <span class='ocrx_word' id='word_1_75' title='bbox 487 2364 742 2429; x_wconf 88' lang='lat' dir='ltr'><strong>tractu</strong></span> <span class='ocrx_word' id='word_1_76' title='bbox 811 2352 1010 2430; x_wconf 89' lang='lat' dir='ltr'><strong>linea</strong></span> <span class='ocrx_word' id='word_1_77' title='bbox 1077 2378 1573 2455; x_wconf 84' lang='lat' dir='ltr'><strong>quaecunque</strong></span> <span class='ocrx_word' id='word_1_78' title='bbox 1641 2358 2167 2447; x_wconf 83' lang='lat' dir='ltr'><strong>describatur,</strong></span> <span class='ocrx_word' id='word_1_79' title='bbox 2259 2356 2649 2458; x_wconf 83' lang='lat' dir='ltr'><strong>applicata</strong></span> <span class='ocrx_word' id='word_1_80' title='bbox 2718 2348 3197 2455; x_wconf 84' lang='lat' dir='ltr'><strong>respondens</strong></span> <span class='ocrx_word' id='word_1_81' title='bbox 3266 2354 3653 2428; x_wconf 80' lang='lat' dir='ltr'><strong>abscissae</strong></span> 
     </span>
     <span class='ocr_line' id='line_1_12' title="bbox 481 2480 2214 2582; baseline 0.006 -31"><span class='ocrx_word' id='word_1_82' title='bbox 481 2501 549 2551; x_wconf 73' lang='lat' dir='ltr'><strong>a:</strong></span> <span class='ocrx_word' id='word_1_83' title='bbox 615 2481 1040 2582; x_wconf 86' lang='lat' dir='ltr'><strong>hujusmodi</strong></span> <span class='ocrx_word' id='word_1_84' title='bbox 1107 2484 1570 2563; x_wconf 86' lang='lat' dir='ltr'><strong>functionem</strong></span> <span class='ocrx_word' id='word_1_85' title='bbox 1641 2488 1746 2567; x_wconf 79' lang='lat' dir='ltr'><strong>P:</strong></span> <span class='ocrx_word' id='word_1_86' title='bbox 1773 2480 1840 2561; x_wconf 70' lang='lat' dir='ltr'><strong>&#39;x</strong></span> <span class='ocrx_word' id='word_1_87' title='bbox 1905 2486 2214 2563; x_wconf 85' lang='lat' dir='ltr'><strong>referet.</strong></span> 
     </span>
    </p>
   </div>
   <div class='ocr_carea' id='block_1_6' title="bbox 1669 2764 2475 2881">
    <p class='ocr_par' dir='ltr' id='par_1_6' title="bbox 1669 2764 2475 2881">
     <span class='ocr_line' id='line_1_13' title="bbox 1669 2764 2475 2881; baseline -0.002 0"><span class='ocrx_word' id='word_1_88' title='bbox 1669 2764 2256 2881; x_wconf 76' lang='lat' dir='ltr'><strong>Scholion</strong></span> <span class='ocrx_word' id='word_1_89' title='bbox 2399 2787 2475 2879; x_wconf 66' lang='lat'><strong>1&#39;.</strong></span> 
     </span>
    </p>
   </div>
   <div class='ocr_carea' id='block_1_7' title="bbox 469 3001 3654 3990">
    <p class='ocr_par' dir='ltr' id='par_1_7' title="bbox 469 3001 3654 3990">
     <span class='ocr_line' id='line_1_14' title="bbox 816 3001 3654 3098; baseline 0.001 -22"><span class='ocrx_word' id='word_1_90' title='bbox 816 3011 1022 3078; x_wconf 86' lang='grc'><strong>383.</strong></span> <span class='ocrx_word' id='word_1_91' title='bbox 1150 3001 1412 3081; x_wconf 90' lang='lat' dir='ltr'><strong>Minus</strong></span> <span class='ocrx_word' id='word_1_92' title='bbox 1491 3006 1616 3082; x_wconf 87' lang='lat' dir='ltr'><strong>hic</strong></span> <span class='ocrx_word' id='word_1_93' title='bbox 1696 3009 2256 3086; x_wconf 85' lang='lat' dir='ltr'><strong>immorandum</strong></span> <span class='ocrx_word' id='word_1_94' title='bbox 2345 3009 2682 3084; x_wconf 84' lang='lat' dir='ltr'><strong>arbitror</strong></span> <span class='ocrx_word' id='word_1_95' title='bbox 2764 3003 3423 3098; x_wconf 79' lang='lat' dir='ltr'><strong>transformationi</strong></span> <span class='ocrx_word' id='word_1_96' title='bbox 3492 3007 3654 3080; x_wconf 86' lang='lat' dir='ltr'><strong>sor-</strong></span> 
     </span>
     <span class='ocr_line' id='line_1_15' title="bbox 483 3124 3649 3237; baseline 0.002 -37"><span class='ocrx_word' id='word_1_97' title='bbox 483 3124 856 3202; x_wconf 77' lang='lat' dir='ltr'><strong>mularum</strong></span> <span class='ocrx_word' id='word_1_98' title='bbox 925 3127 1538 3208; x_wconf 86' lang='lat' dir='ltr'><strong>differentialium</strong></span> <span class='ocrx_word' id='word_1_99' title='bbox 1621 3136 1914 3214; x_wconf 87' lang='lat' dir='ltr'><strong>altioris</strong></span> <span class='ocrx_word' id='word_1_100' title='bbox 1981 3137 2307 3237; x_wconf 86' lang='lat' dir='ltr'><strong>gradus,</strong></span> <span class='ocrx_word' id='word_1_101' title='bbox 2401 3137 2582 3212; x_wconf 87' lang='lat' dir='ltr'><strong>dum</strong></span> <span class='ocrx_word' id='word_1_102' title='bbox 2664 3137 2841 3211; x_wconf 91' lang='lat' dir='ltr'><strong>loco</strong></span> <span class='ocrx_word' id='word_1_103' title='bbox 2904 3135 3257 3208; x_wconf 87' lang='lat' dir='ltr'><strong>binarum</strong></span> <span class='ocrx_word' id='word_1_104' title='bbox 3322 3133 3649 3207; x_wconf 80' lang='lat' dir='ltr'><strong>variabi-</strong></span> 
     </span>
     <span class='ocr_line' id='line_1_16' title="bbox 481 3252 3649 3370; baseline 0.003 -44"><span class='ocrx_word' id='word_1_105' title='bbox 481 3252 659 3328; x_wconf 87' lang='lat' dir='ltr'><strong>lium</strong></span> <span class='ocrx_word' id='word_1_106' title='bbox 725 3277 788 3328; x_wconf 82' lang='lat' dir='ltr'><strong><em>x</em></strong></span> <span class='ocrx_word' id='word_1_107' title='bbox 855 3269 931 3330; x_wconf 89' lang='lat' dir='ltr'><strong>et</strong></span> <span class='ocrx_word' id='word_1_108' title='bbox 993 3279 1051 3352; x_wconf 80' lang='lat' dir='ltr'><strong><em>y</em></strong></span> <span class='ocrx_word' id='word_1_109' title='bbox 1117 3256 1310 3335; x_wconf 87' lang='lat' dir='ltr'><strong>aliae</strong></span> <span class='ocrx_word' id='word_1_110' title='bbox 1381 3283 1904 3362; x_wconf 85' lang='lat' dir='ltr'><strong>quaecunque·</strong></span> <span class='ocrx_word' id='word_1_111' title='bbox 1961 3261 2038 3338; x_wconf 90' lang='lat' dir='ltr'><strong>in</strong></span> <span class='ocrx_word' id='word_1_112' title='bbox 2106 3263 2483 3340; x_wconf 88' lang='lat' dir='ltr'><strong>calculum</strong></span> <span class='ocrx_word' id='word_1_113' title='bbox 2556 3262 3181 3352; x_wconf 86' lang='lat' dir='ltr'><strong>introducuntur,</strong></span> <span class='ocrx_word' id='word_1_114' title='bbox 3288 3261 3649 3370; x_wconf 84' lang='lat' dir='ltr'><strong>quoniam</strong></span> 
     </span>
     <span class='ocr_line' id='line_1_17' title="bbox 476 3379 3648 3488; baseline 0.002 -36"><span class='ocrx_word' id='word_1_115' title='bbox 476 3379 553 3452; x_wconf 92' lang='lat' dir='ltr'><strong>in</strong></span> <span class='ocrx_word' id='word_1_116' title='bbox 619 3401 900 3480; x_wconf 84' lang='lat' dir='ltr'><strong>genere</strong></span> <span class='ocrx_word' id='word_1_117' title='bbox 969 3384 1504 3481; x_wconf 79' lang='lat' dir='ltr'><strong>expressiones</strong></span> <span class='ocrx_word' id='word_1_118' title='bbox 1588 3389 1810 3466; x_wconf 85' lang='lat' dir='ltr'><strong>nimis</strong></span> <span class='ocrx_word' id='word_1_119' title='bbox 1897 3389 2165 3466; x_wconf 88' lang='lat' dir='ltr'><strong>fierent</strong></span> <span class='ocrx_word' id='word_1_120' title='bbox 2229 3387 2733 3488; x_wconf 88' lang='lat' dir='ltr'><strong>complicatae</strong></span> <span class='ocrx_word' id='word_1_121' title='bbox 2792 3389 3065 3483; x_wconf 73' lang='lat' dir='ltr'><strong>vixque</strong></span> <span class='ocrx_word' id='word_1_122' title='bbox 3134 3387 3363 3460; x_wconf 89' lang='lat' dir='ltr'><strong>ullum</strong></span> <span class='ocrx_word' id='word_1_123' title='bbox 3430 3409 3648 3460; x_wconf 86' lang='lat' dir='ltr'><strong>usum</strong></span> 
     </span>
     <span class='ocr_line' id='line_1_18' title="bbox 473 3506 3646 3614; baseline 0.003 -35"><span class='ocrx_word' id='word_1_124' title='bbox 473 3506 918 3600; x_wconf 86' lang='lat' dir='ltr'><strong>habiturae,</strong></span> <span class='ocrx_word' id='word_1_125' title='bbox 1019 3521 1180 3583; x_wconf 87' lang='lat' dir='ltr'><strong>tum</strong></span> <span class='ocrx_word' id='word_1_126' title='bbox 1259 3534 1449 3588; x_wconf 81' lang='lat' dir='ltr'><strong>vero</strong></span> <span class='ocrx_word' id='word_1_127' title='bbox 1537 3507 1906 3614; x_wconf 80' lang='lat' dir='ltr'><strong>imprimis</strong></span> <span class='ocrx_word' id='word_1_128' title='bbox 1973 3515 2174 3612; x_wconf 89' lang='lat' dir='ltr'><strong>quod</strong></span> <span class='ocrx_word' id='word_1_129' title='bbox 2240 3513 2649 3591; x_wconf 84' lang='lat' dir='ltr'><strong>methodus</strong></span> <span class='ocrx_word' id='word_1_130' title='bbox 2727 3515 2863 3588; x_wconf 85' lang='lat' dir='ltr'><strong>has</strong></span> <span class='ocrx_word' id='word_1_131' title='bbox 2931 3511 3646 3588; x_wconf 82' lang='lat' dir='ltr'><strong>transformationes</strong></span> 
     </span>
     <span class='ocr_line' id='line_1_19' title="bbox 473 3630 3639 3742; baseline 0.003 -38"><span class='ocrx_word' id='word_1_132' title='bbox 473 3630 906 3711; x_wconf 64' lang='lat' dir='ltr'><strong>inveniendi</strong></span> <span class='ocrx_word' id='word_1_133' title='bbox 959 3635 1125 3735; x_wconf 87' lang='lat' dir='ltr'><strong>jam</strong></span> <span class='ocrx_word' id='word_1_134' title='bbox 1195 3658 1430 3734; x_wconf 88' lang='lat' dir='ltr'><strong>supra</strong></span> <span class='ocrx_word' id='word_1_135' title='bbox 1495 3635 1596 3742; x_wconf 70' lang='grc' dir='ltr'><strong>(ξ.</strong></span> <span class='ocrx_word' id='word_1_136' title='bbox 1678 3646 1899 3729; x_wconf 88' lang='lat'><strong>229)</strong></span> <span class='ocrx_word' id='word_1_137' title='bbox 1968 3639 2150 3715; x_wconf 82' lang='lat' dir='ltr'><strong>satis</strong></span> <span class='ocrx_word' id='word_1_138' title='bbox 2217 3639 2639 3714; x_wconf 85' lang='lat' dir='ltr'><strong>luculenter</strong></span> <span class='ocrx_word' id='word_1_139' title='bbox 2708 3651 2822 3714; x_wconf 86' lang='lat' dir='ltr'><strong>est</strong></span> <span class='ocrx_word' id='word_1_140' title='bbox 2890 3636 3201 3718; x_wconf 81' lang='lat' dir='ltr'><strong>tradita.</strong></span> <span class='ocrx_word' id='word_1_141' title='bbox 3356 3639 3639 3736; x_wconf 86' lang='lat' dir='ltr'><strong>Casum</strong></span> 
     </span>
     <span class='ocr_line' id='line_1_20' title="bbox 473 3750 3645 3860; baseline 0.003 -30"><span class='ocrx_word' id='word_1_142' title='bbox 473 3770 770 3836; x_wconf 85' lang='lat' dir='ltr'><strong>tantum</strong></span> <span class='ocrx_word' id='word_1_143' title='bbox 837 3759 1404 3860; x_wconf 82' lang='lat' dir='ltr'><strong>simpliciorem,</strong></span> <span class='ocrx_word' id='word_1_144' title='bbox 1483 3787 1632 3860; x_wconf 91' lang='lat' dir='ltr'><strong>quo</strong></span> <span class='ocrx_word' id='word_1_145' title='bbox 1701 3764 1924 3840; x_wconf 90' lang='lat' dir='ltr'><strong>binae</strong></span> <span class='ocrx_word' id='word_1_146' title='bbox 1990 3788 2242 3842; x_wconf 83' lang='lat' dir='ltr'><strong>novae</strong></span> <span class='ocrx_word' id='word_1_147' title='bbox 2317 3750 2719 3844; x_wconf 68' lang='lat' dir='ltr'><strong>variabiles</strong></span> <span class='ocrx_word' id='word_1_148' title='bbox 2789 3774 2821 3838; x_wconf 86' lang='lat' dir='ltr'><strong>t</strong></span> <span class='ocrx_word' id='word_1_149' title='bbox 2888 3778 2985 3839; x_wconf 89' lang='lat' dir='ltr'><strong>et·</strong></span> <span class='ocrx_word' id='word_1_150' title='bbox 3028 3789 3081 3840; x_wconf 83' lang='lat' dir='ltr'><strong>u</strong></span> <span class='ocrx_word' id='word_1_151' title='bbox 3150 3765 3321 3840; x_wconf 85' lang='lat' dir='ltr'><strong>loco</strong></span> <span class='ocrx_word' id='word_1_152' title='bbox 3371 3793 3433 3842; x_wconf 81' lang='lat' dir='ltr'><strong><em>x</em></strong></span> <span class='ocrx_word' id='word_1_153' title='bbox 3472 3777 3547 3838; x_wconf 86' lang='lat' dir='ltr'><strong>et</strong></span> <span class='ocrx_word' id='word_1_154' title='bbox 3588 3788 3645 3860; x_wconf 78' lang='lat' dir='ltr'><strong><em>y</em></strong></span> 
     </span>
     <span class='ocr_line' id='line_1_21' title="bbox 469 3883 2148 3990; baseline 0.005 -33"><span class='ocrx_word' id='word_1_155' title='bbox 469 3883 1068 3964; x_wconf 87' lang='lat' dir='ltr'><strong>introducendae</strong></span> <span class='ocrx_word' id='word_1_156' title='bbox 1137 3888 1244 3964; x_wconf 86' lang='lat' dir='ltr'><strong>ita</strong></span> <span class='ocrx_word' id='word_1_157' title='bbox 1313 3889 1835 3990; x_wconf 80' lang='lat' dir='ltr'><strong>accipiuntur,</strong></span> <span class='ocrx_word' id='word_1_158' title='bbox 1901 3911 1986 3968; x_wconf 88' lang='lat' dir='ltr'><strong>ut</strong></span> <span class='ocrx_word' id='word_1_159' title='bbox 2054 3891 2148 3968; x_wconf 88' lang='lat' dir='ltr'><strong>sit</strong></span> 
     </span>
    </p>
   </div>
   <div class='ocr_carea' id='block_1_8' title="bbox 469 4031 3635 4408">
    <p class='ocr_par' dir='ltr' id='par_1_8' title="bbox 469 4031 3635 4408">
     <span class='ocr_line' id='line_1_22' title="bbox 602 4031 2500 4154; baseline 0.009 -48"><span class='ocrx_word' id='word_1_160' title='bbox 602 4148 616 4154; x_wconf 26' lang='lat'><em>³</em></span> <span class='ocrx_word' id='word_1_161' title='bbox 790 4039 1506 4147; x_wconf 66' lang='lat' dir='ltr'><strong>tzax÷ssy</strong></span> <span class='ocrx_word' id='word_1_162' title='bbox 1570 4053 1648 4117; x_wconf 91' lang='lat' dir='ltr'><strong>et</strong></span> <span class='ocrx_word' id='word_1_163' title='bbox 1712 4031 2500 4144; x_wconf 67' lang='lat' dir='ltr'><strong>uz‘yx—-l-dy,</strong></span> 
     </span>
     <span class='ocr_line' id='line_1_23' title="bbox 471 4181 3635 4282; baseline 0.003 -28"><span class='ocrx_word' id='word_1_164' title='bbox 471 4181 594 4258; x_wconf 86' lang='lat' dir='ltr'><strong>hic</strong></span> <span class='ocrx_word' id='word_1_165' title='bbox 663 4207 966 4281; x_wconf 87' lang='lat' dir='ltr'><strong>quoque</strong></span> <span class='ocrx_word' id='word_1_166' title='bbox 1050 4187 1148 4258; x_wconf 84' lang='lat' dir='ltr'><strong>ad</strong></span> <span class='ocrx_word' id='word_1_167' title='bbox 1227 4185 1594 4266; x_wconf 81' lang='lat' dir='ltr'><strong>formulas</strong></span> <span class='ocrx_word' id='word_1_168' title='bbox 1675 4191 2224 4270; x_wconf 79' lang='lat' dir='ltr'><strong>differentiales</strong></span> <span class='ocrx_word' id='word_1_169' title='bbox 2293 4189 2601 4268; x_wconf 83' lang='lat' dir='ltr'><strong>altiores</strong></span> <span class='ocrx_word' id='word_1_170' title='bbox 2673 4188 3307 4282; x_wconf 67' lang='lat' dir='ltr'><strong>accommodabo.</strong></span> <span class='ocrx_word' id='word_1_171' title='bbox 3443 4189 3635 4264; x_wconf 88' lang='lat' dir='ltr'><strong>Cum</strong></span> 
     </span>
     <span class='ocr_line' id='line_1_24' title="bbox 469 4307 1988 4408; baseline 0.007 -27"><span class='ocrx_word' id='word_1_172' title='bbox 469 4307 696 4408; x_wconf 85' lang='lat' dir='ltr'><strong>igitur</strong></span> <span class='ocrx_word' id='word_1_173' title='bbox 762 4310 1170 4386; x_wconf 83' lang='lat' dir='ltr'><strong>viderimus</strong></span> <span class='ocrx_word' id='word_1_174' title='bbox 1241 4333 1450 4406; x_wconf 90' lang='lat' dir='ltr'><strong>esse,</strong></span> <span class='ocrx_word' id='word_1_175' title='bbox 1977 4310 1988 4320; x_wconf 81' lang='grc'><strong><em>’</em></strong></span> 
     </span>
    </p>
   </div>
   <div class='ocr_carea' id='block_1_9' title="bbox 779 4487 2639 4976">
    <p class='ocr_par' dir='ltr' id='par_1_9' title="bbox 779 4487 2639 4976">
     <span class='ocr_line' id='line_1_25' title="bbox 1289 4487 2639 4590; baseline 0.008 -36"><span class='ocrx_word' id='word_1_176' title='bbox 1289 4546 1296 4554; x_wconf 93' lang='grc'><strong>.</strong></span> <span class='ocrx_word' id='word_1_177' title='bbox 1453 4505 1590 4579; x_wconf 90' lang='lat' dir='ltr'><strong>pro</strong></span> <span class='ocrx_word' id='word_1_178' title='bbox 1658 4487 1995 4566; x_wconf 80' lang='lat' dir='ltr'><strong>formulis</strong></span> <span class='ocrx_word' id='word_1_179' title='bbox 2063 4487 2294 4588; x_wconf 75' lang='lat' dir='ltr'><strong>primi-</strong></span> <span class='ocrx_word' id='word_1_180' title='bbox 2356 4489 2639 4590; x_wconf 85' lang='lat' dir='ltr'><strong>gradus</strong></span> 
     </span>
     <span class='ocr_line' id='line_1_26' title="bbox 781 4612 1882 4790; baseline 0.004 -23"><span class='ocrx_word' id='word_1_181' title='bbox 781 4612 1882 4790; x_wconf 48' lang='lat' dir='ltr'><strong>(32)‚=oe(3⁴5)÷v({{)ae</strong></span> 
     </span>
     <span class='ocr_line' id='line_1_27' title="bbox 779 4799 1860 4976; baseline 0.011 -34"><span class='ocrx_word' id='word_1_182' title='bbox 779 4799 942 4970; x_wconf 66' lang='grc' dir='ltr'>(ἐξ)</span> <span class='ocrx_word' id='word_1_183' title='bbox 965 4835 1168 4946; x_wconf 71' lang='grc' dir='ltr'><strong>εεβ</strong></span> <span class='ocrx_word' id='word_1_184' title='bbox 1195 4801 1372 4958; x_wconf 54' lang='grc' dir='ltr'><strong>(ἐξ)</strong></span> <span class='ocrx_word' id='word_1_185' title='bbox 1409 4839 1530 4940; x_wconf 60' lang='grc' dir='ltr'><strong>-ι-</strong></span> <span class='ocrx_word' id='word_1_186' title='bbox 1564 4827 1614 4920; x_wconf 76' lang='grc' dir='ltr'><em>δ</em></span> <span class='ocrx_word' id='word_1_187' title='bbox 1649 4801 1860 4976; x_wconf 53' lang='grc' dir='ltr'>(ἐξ),</span> 
     </span>
    </p>
   </div>
  </div>
 </body>
</html>
