4861 5775
1329 463 1503 539 372
2449 445 2894 522 CAPUT
3024 444 3152 520 lv,

1190 657 1347 720 tum
1417 665 1511 717 ex
1578 641 1725 711 hac
1792 655 1935 734 per
2004 629 2384 742 triplicem
2451 626 3174 707 differentiationem
3237 639 3400 706 tres
3467 651 3718 706 novae
3787 629 4208 706 formentur

1188 1545 1557 1623 quarum
1603 1518 1850 1619 prima
1928 1541 2089 1622 per
2134 1517 2228 1616 s}
2309 1517 2646 1595 secunda
2715 1541 2859 1618 per
2937 1543 2990 1616 q
3055 1530 3136 1596 et
3199 1519 3428 1595 tertia
3489 1541 3631 1619 per
3700 1520 3760 1592 h
3823 1517 4370 1620 multiplicatae

1192 1664 1269 1728 et
1332 1651 1409 1725 in
1477 1671 1708 1724 unam
1776 1669 2154 1724 summam
2220 1646 2592 1725 collectae
2627 1703 2650 1736 ‚
2725 1645 2976 1745 ipsam
3048 1646 3252 1733 illam
3318 1644 3856 1746 aequationem
3925 1647 4368 1747 generalem

1189 1776 1685 1877 producunt,
1790 1775 2010 1876 cujus
2086 1773 2462 1874 integrale
2531 1796 2764 1873 supra
2835 1771 3326 1850 exhibuimus.
3463 1771 3580 1849 Ea
3647 1797 3832 1874 ergo
3901 1773 4118 1870 quasi
4185 1795 4370 1869 pro-

1190 1885 1503 1979 duetum
1604 1925 1699 1977 ex
1800 1899 1997 1976 binis
2100 1898 2672 1998 aequationibua
2723 1899 3266 2002 ·homogeneis
3355 1897 3584 2001 primi
3667 1898 3950 2000 gradus
4035 1899 4374 1999 spectari

1196 2028 1509 2126 poterit,
1580 2051 1673 2104 ex
1740 2025 2009 2125 quibus
2076 2025 2505 2127 conjunctis
2569 2025 2946 2128 integrale
3014 2027 3480 2127 completum
3551 2027 3950 2102 formatur.

2394 2391 2951 2467 Scholion
3087 2404 3167 2470 2.

1526 2627 1734 2706 504.
1865 2621 2215 2703 Infinitae
2282 2650 2472 2729 ergo
2542 2627 3039 2727 aequationes
3107 2631 3631 2733 homogeneae
3697 2631 4008 2709 secundi
4081 2638 4390 2738 gradus·-

1191 2754 1313 2832 hic
1396 2753 1895 2832 exeluduntur
1926 2813 1947 2845 ‚
2045 2777 2243 2851 quae
2324 2757 2476 2832 hoo
2557 2758 2786 2834 modo
2877 2756 3467 2859 integrationem
3541 2771 3964 2857 respuunt,
4063 2787 4199 2841 seu
4267 2767 4370 2838 ad

1192 2881 1689 2979 aequationes
1769 2880 1995 2980 primi
2076 2881 2361 2981 gradus
2441 2883 2702 2959 reduci
2768 2887 3208 2982 nequeunt‘3
3273 2885 3402 2985 qui
3468 2908 3687 2963 casus
3751 2885 4034 2966 exclusi
4103 2916 4368 2970 omnes

1192 3032 1286 3085 ex
1354 3011 1503 3087 hoc
1572 3006 1882 3085 criterio
1952 3018 2502 3108 agnoscuntur,
2573 3010 2635 3085 si
2697 3032 2854 3085 non
2922 3013 3148 3087 fuerit

1644 3198 1829 3273 ΑΕΒ
1902 3212 2020 3295 -ι-
2086 3196 2291 3275 ΒΕΕ
2352 3200 2478 3292 .-l-
2547 3200 2766 3276 cm)
2832 3222 2956 3279 ...-.-.
3021 3201 3217 3280 ABc
3293 3219 3412 3287 -ι-
3483 3206 3798 3283 2DEF.

1190 3427 1445 3529 Hujus
1518 3427 1821 3527 generis
1889 3444 2009 3505 est
2072 3431 2216 3506 ista
2288 3434 2636 3531 aequatio
2705 3398 2912 3567 (3935
3019 3456 3144 3513 Ξ
3210 3401 3442 3557 (ἐξ),
3509 3461 3706 3536 quae
3773 3466 3962 3545 ergo
4031 3450 4182 3527 tale
4247 3451 4364 3526 in-

1190 3571 1513 3673 tegrale,
1581 3573 1997 3672 cujusmodi
2056 3576 2177 3655 hic
2245 3580 2736 3658 assumsimus
2801 3606 2958 3659 non
3027 3583 3376 3680 admittit,
3441 3611 3690 3686 neque
3745 3588 3972 3667 etiarn
4025 3594 4172 3669 alia
4223 3618 4362 3693 pa-

1192 3712 1303 3774 tet
1364 3696 1492 3772 via
1556 3700 1717 3799 ejus
1782 3702 2155 3802 integrale
2225 3708 2686 3805 completum
2753 3708 3285 3809 investigandi.
3421 3708 3834 3817 Integralia
3879 3728 4133 3794 autem
4179 3746 4364 3821 par-

1192 3823 1538 3899 ticularia
1624 3826 1845 3902 facile
1920 3827 2325 3907 innumera
2392 3833 2731 3910 exhiberi
2795 3848 3169 3933 possunt,
3263 3849 3340 3913 et
3407 3864 3604 3937 quae
3674 3844 3864 3920 adeo
3931 3845 4362 3925 functiones

1193 3950 1641 4027 arbitrarius
1726 3953 2339 4053 complectuntur
2386 4017 2406 4051 ,
2529 3962 2666 4037 sed
2746 3972 3036 4037 tantum
3123 3961 3340 4039 unius
3423 3971 3860 4064 quantitatis
3939 3972 4360 4069 variabilis,

1200 4101 1397 4175 quae
1478 4077 1553 4152 in
1633 4078 2023 4179 praesenti
2090 4082 2429 4161 instituto
2495 4085 2800 4165 nonnisi
2865 4087 3266 4189 integralia
3331 4094 3822 4191 particularia
3894 4100 4362 4179 constituere

1190 4213 1364 4279 sunt
1430 4207 1889 4283 censendae.
2026 4208 2097 4286 Si
2162 4210 2369 4289 ehim
2422 4228 2786 4313 ponatur

1644 4394 2099 4474 υ--Γε
2164 4402 3145 4515 (ax—l-ssy4‘yz),

1070 4643 1079 4653 .
1198 4580 1406 4657 facta
1483 4584 2009 4665 substitutione
2094 4591 2253 4669 fieri
2336 4596 2563 4673 debet
2629 4598 3126 4708 αβ-ὙΎ,
3197 4628 3328 4680 seu
3395 4620 3640 4684 sumto
3707 4628 3940 4715 7:
3989 4624 4054 4709 1,
4125 4618 4356 4693 debet
