4861 5775
1358 474 1537 557 466
2456 460 2910 543 CAPUT
3053 458 3188 541 vl.

1228 688 1590 767 nifestum
1654 693 1773 761 est
1802 740 1825 775 ,
1912 686 2163 759 sumta
2230 700 2285 753 z
2349 684 2762 761 constante
2819 676 2994 757 fore
3058 637 3164 797 ἐς
3195 691 3324 757 ..··.-··.
3355 646 3517 813 -ῥτῗ
3550 729 3572 765 ,
3669 672 4100 778 hujusmodi
4161 682 4420 757 antem

1234 834 1603 915 formulas
1668 827 1966 909 excludi
2032 822 2479 920 conveniet,
2544 822 2852 923 quando
2917 834 3078 901 tam
3145 848 3199 901 z
3261 846 3496 923 quam
3557 821 4022 905 variationes
4085 802 4220 920 dx,
4287 806 4416 927 By,

1235 983 1315 1043 et
1364 944 1479 1039 ’δι
1542 973 1630 1039 ut
1696 954 2123 1037 functiones
2187 950 2534 1051 ipsarum
2599 976 2664 1027 x
2729 960 2810 1029 et
2869 970 2929 1050 y
2992 964 3697 1053 repraesentamus.

2422 1218 2998 1297 Scholion
3133 1226 3215 1295 2.

938 1474 1052 1547 mg·
1094 1466 1151 1527 4.
1310 1407 1321 1425 '
1567 1429 1602 1496 1
1626 1422 1774 1496 46.
1907 1416 2026 1492 Ex
2106 1411 2557 1491 Geometria
2652 1414 2804 1491 hoe
2899 1424 3434 1517 argumentum
3527 1413 3768 1491 multo
3869 1410 4153 1491 clarius
4243 1411 4418 1493 inu-

1234 1563 1487 1628 strare
1552 1546 1755 1624 licet.
1886 1546 2285 1620 Denotent
2350 1540 2556 1617 enim
2627 1552 2793 1619 tres
2851 1554 3166 1621 nostrae
3231 1539 3642 1620 variabiles
3715 1566 3805 1634 x,
3869 1560 3953 1638 y,
4017 1565 4074 1615 z
4155 1549 4417 1619 ternas

1236 1673 1735 1755 coordinatas
1800 1670 1947 1748 Ax
1977 1729 1999 1762 ‚
2066 1668 2219 1743 XY
2251 1727 2273 1760 ‚
2340 1651 2478 1743 YZ
2507 1724 2530 1759 ‚
2629 1666 2830 1747 Inter
2899 1664 3106 1769 ‘qua's
3187 1667 3542 1769 aequatio
3635 1666 4046 1769 proposita
4119 1676 4418 1745 certam

1156 1804 1161 1827 '
1233 1800 1619 1899 quandam
1682 1794 2169 1902 superficiem
2234 1793 2660 1899 assignabit
2692 1855 2713 1890 ,
2811 1795 2892 1875 in
2941 1820 3114 1897 qua
3179 1776 3540 1875 ordinata
3601 1794 3738 1871 YZ
3775 1816 3900 1873 ..··.-.·.
3931 1818 3986 1875 z
4047 1793 4415 1873 termina-

1174 1958 1183 1977 ¹
1229 1926 1461 2022 bitur,
1528 1950 1731 2025 quae
1796 1925 2059 2025 utique
2124 1934 2493 2029 tanquam
2559 1934 2775 2000 certa
2838 1922 3128 2001 functio
3195 1923 3548 2002 binarum
3613 1920 4080 2021 reliquarum
4114 1920 4416 1999 szx

1232 2071 1313 2133 et
1373 2054 1739 2151 XYzy
1804 2049 2149 2153 spectari
2212 2062 2516 2151 potest,
2589 2050 2698 2127 ita
2761 2062 2846 2127 ut
2911 2050 3182 2129 sumtis
3245 2038 3392 2154 pro
3463 2048 3704 2129 lubitu
3767 2046 3885 2125 his
3947 2046 4148 2128 binis
4209 2070 4280 2125 a·
4337 2062 4421 2126 et

1226 2204 1288 2281 y
1322 2238 1345 2274 ‚
1445 2180 1672 2257 tertia
1738 2178 1873 2255 YZ
1906 2198 2030 2256 Ξ...-
2066 2202 2121 2253 z
2176 2189 2321 2253 *ex
2385 2177 2842 2276 aequatione
2919 2180 3328 2279 proposita
3403 2174 3981 2255 determinetur.
4115 2174 4416 2273 Quodsi

1221 2308 1389 2409 jam
1458 2305 1609 2382 alia
1674 2302 2128 2403 superficies
2212 2328 2718 2403 quaecunque
2801 2304 3288 2406 concipiatur
3371 2306 3470 2381 ab
3551 2303 3698 2382 ista
3763 2288 4051 2380 infinite
4129 2326 4412 2405 parum

1230 2433 1733 2537 discrepans,
1794 2454 2041 2530 eaque
2106 2429 2215 2508 ita
2282 2455 2458 2507 cum
2525 2435 2672 2507 hae
2741 2444 3284 2537 comparetur,
3363 2443 3444 2509 ut
3509 2432 3672 2535 ejus
3739 2442 4106 2527 punctum
4173 2429 4415 2529 qnod·

1226 2558 1348 2638 vis
1410 2586 1465 2636 z
1536 2582 1715 2637 cum
1798 2556 2243 2659 propositae
2306 2570 2598 2658 puncto
2663 2560 2726 2636 Z
2809 2558 3255 2639 conferatur
3287 2616 3312 2655 ,
3403 2558 3514 2637 ita
3577 2568 3834 2635 tamen
3899 2568 3988 2635 ut
4047 2556 4414 2633 interval-

1229 2688 1385 2763 lum
1452 2688 1571 2763 Zz
1634 2684 1735 2765 sit
1797 2707 2109 2787 semper
2174 2684 2468 2765 infinite
2527 2708 2859 2787 parvum
2892 2742 2916 2779 ,
3000 2672 3474 2769 variationes
3535 2681 3644 2761 ita
3705 2686 4413 2788 repraesentabun-

1226 2824 1351 2892 tur
1383 2870 1407 2910 ,
1501 2826 1588 2892 ut
1652 2811 1753 2892 sit
3715 2907 3722 2912 ι
3841 2920 3846 2927 .

1679 2941 2996 3056 dszx—szxx,
3100 2944 4008 3072 *Eyzaey--XY
4137 2971 4220 3040 et

3128 3071 3230 3170 δε
3295 3107 3422 3172 τ’..
3489 3111 3602 3186 yz
3674 3131 3782 3153 -ο
3851 3089 3985 3164 ΥΖ
4013 3147 4038 3180 ,

1228 3248 1309 3316 et
1375 3259 1549 3316 cum
1614 3241 1765 3316 hae
1825 3233 2293 3316 variationes
2358 3259 2681 3339 prorsus
2749 3235 3063 3314 arbitrio
3127 3251 3402 3317 nostro
3467 3239 4013 3340 permittantur
4047 3295 4070 3330 ,
4153 3249 4404 3340 neque

1162 3399 1168 3405 ·
1222 3365 1379 3443 ullo
1466 3366 1702 3446 modo
1782 3389 1831 3446 a
1910 3389 1997 3446 se
2058 3364 2391 3446 invicem
2453 3365 2894 3466 pendeant,
2989 3387 3132 3444 eae
3213 3365 3446 3444 etiam
3511 3351 3886 3466 tanquam
3965 3366 4405 3447 functiones

1221 3491 1578 3572 binarum
1668 3519 1733 3574 x
1800 3505 1880 3574 et
1940 3515 1999 3592 y
2084 3491 2436 3594 'spectari
2517 3503 2896 3595 possunt,
2991 3490 3222 3592 idque
3313 3495 3426 3572 ita
3487 3506 3574 3571 ut
3673 3493 3884 3570 nulla
3964 3517 4014 3571 a
4093 3493 4404 3594 reliquis

1226 3620 1591 3720 pendeat,
1662 3621 1801 3700 sed
1860 3645 2364 3722 unaquaeque
2430 3644 2578 3720 pro
2647 3617 2966 3700 arbitrio
3029 3621 3212 3726 fingi
3263 3634 3521 3722 queat.
3652 3618 3860 3717 Quin
3925 3619 4164 3698 etiam
4227 3621 4404 3701 hinc

1220 3745 1667 3849 intelligitur
1692 3807 1715 3843 ‚
1816 3746 2184 3847 quoniam
2263 3746 2711 3850 superficies
2785 3743 3136 3848 proxima
3231 3774 3281 3828 a
3361 3746 3768 3853 proposita
3841 3748 4152 3829 diversa
4231 3771 4406 3828 esse

1221 3871 1453 3952 debet
1483 3931 1507 3965 ‚
1606 3875 2047 3974 neutiquam
2112 3875 2283 3952 sore

1672 4005 1775 4100 δι
1838 4043 1963 4106 .·.·;.··
2013 4009 2184 4125 Ρδτι
2254 4027 2379 4125 —4-
2439 4009 2632 4126 p‘dy
2658 4083 2682 4118 ‚

1214 4168 1593 4271 'siquidem
1656 4195 1803 4274 pro
1868 4175 2277 4278 superficie
2344 4176 2746 4278 proposita
2815 4175 3042 4254 fuerit

1670 4315 1779 4406 az
1836 4319 1971 4402 :2
2024 4315 2202 4424 pax
2263 4325 2392 4424 ÷
2447 4315 2700 4430 pay,

1222 4467 1557 4568 alioquin
1618 4484 1985 4570 punctum
2048 4499 2103 4548 z
2166 4473 2365 4551 foret
2426 4471 2506 4552 in
2571 4475 2846 4553 eadem
2913 4475 3320 4579 superficie
3361 4537 3384 4571 ‚
3467 4501 3563 4555 ex
3627 4499 3786 4578 quo
3854 4477 4166 4559 omnino
4233 4491 4397 4560 ter-

1220 4615 1367 4674 nas
1430 4595 1863 4677 mactiones
1926 4598 2269 4702 ipsarum
2330 4623 2397 4682 x
2461 4617 2542 4682 et
2605 4625 2664 4702 y
2737 4627 2884 4706 pro
2961 4603 3515 4686 variationibus
3579 4585 3730 4702 δας,
3795 4587 3904 4708 δυ
3961 4619 4044 4686 et
4103 4595 4206 4692 δι
4287 4607 4398 4686 ita
