4861 5775
1374 510 1547 585 462
2495 468 2936 581 CAPUT
3046 466 3170 581 ἠν.

2294 694 3114 775 corollarium
3255 704 3337 771 2.

1572 874 1772 946 138.
1908 868 2221 947 Etiamsi
2292 869 2415 945 hic
2486 868 3034 959 conditionum,
3101 888 3296 963 quae
3365 864 3561 941 forte
3629 890 3775 965 pro
3843 867 4048 944 initio
4113 882 4192 949 et
4257 874 4406 948 fine

1234 994 1767 1099 integrauenis
1830 1010 2393 1096 proponantur,
2465 997 2802 1071 nondum
2871 996 3066 1069 ratio
3139 994 3500 1087 habetur,
3575 1006 3836 1072 tamen
3903 1018 3996 1073 ea
4049 998 4218 1099 jam
4281 1024 4410 1073 oc-

1234 1124 1435 1200 culte
1500 1122 1578 1198 in
1647 1106 2025 1201 calculum
2094 1123 2576 1225 ingreditur,
2640 1120 2818 1218 quia
2883 1120 3184 1195 litterae
3251 1120 3290 1195 Ι
3360 1132 3435 1196 et
3503 1122 3564 1195 A
3635 1122 4004 1201 terminos
4071 1122 4410 1227 integra·

1230 1247 1460 1327 tionis
1524 1248 1971 1349 respiciunt.
2102 1250 2421 1327 Interim
2487 1260 2751 1324 tamen
2821 1270 2965 1324 eae
3057 1245 3134 1323 in
3199 1248 3372 1346 ipsa
3437 1245 3978 1345 aequationum
4045 1246 4414 1329 differen-

1232 1372 1521 1453 tialium
1588 1377 2059 1455 tractatione
2124 1375 2399 1452 iterum
2463 1398 2560 1450 ex
2615 1374 2910 1449 calculo
2975 1372 3500 1475 expelluntur3
3563 1376 3742 1451 dum
3809 1376 4018 1453 euim
4083 1376 4410 1457 formula

1231 1500 1629 1606 integralis
1676 1502 2091 1602 JLDx:
2112 1502 2149 1579 1
2216 1501 2560 1597 eliditur,
2621 1500 2842 1579 simul
2907 1500 3293 1600 quantitas
3357 1513 3725 1579 constans
3791 1502 3856 1577 A
3919 1502 4334 1609 egreditur.

2298 1719 3124 1799 Corollarium
3257 1728 3339 1798 3.

1561 1898 1768 1977 189.
1898 1890 2296 1995 ExpeditIs
2374 1903 2638 1969 autem
2717 1889 3303 1990 aequationibus
3389 1889 3506 1969 his
3570 1889 3866 1969 duabus
3932 1888 4402 1970 differentia·

1230 2020 1451 2115 libus,
1502 2004 1743 2119 'idque
1808 2020 2385 2123 generalissime
2414 2079 2440 2113 ,
2537 2030 2623 2095 ut
2681 2017 3003 2097 totidem
3063 2029 3515 2097 constantes
3583 2017 4037 2095 arbitrariae
4099 2018 4178 2094 in
4243 2020 4408 2095 eal·

1228 2146 1483 2223 culum
1545 2146 2004 2226 invehantur
2031 2204 2052 2243 ,
2144 2157 2339 2245 quot
2398 2145 2944 2248 integrationes
3005 2143 3288 2223 institui
3371 2144 3711 2246 oportuit
3747 2204 3772 2239 ‚
3868 2156 4030 2221 tum
4097 2146 4410 2223 demum

1230 2274 1327 2349 ad
1410 2272 1893 2355 conditiones
1974 2272 2369 2372 utriusque
2461 2271 2766 2352 termini
2857 2271 3393 2374 integrationis
3493 2273 3867 2351 formulae
3915 2265 4188 2371 Jde
4281 2285 4402 2351 est

1230 2398 1777 2476 attendendum
1815 2456 1839 2493 ,
1939 2398 2560 2499 quandoquidem
2637 2399 2818 2477 hine
2921 2422 3021 2477 ex
3115 2397 3428 2509 reliquis
3525 2398 3970 2477 variationis
4035 2400 4406 2479 membris

1226 2524 1590 2605 absolutis
1655 2525 1834 2604 illae
1900 2537 2345 2625 constantes
2404 2524 2910 2607 determinari
2973 2524 3282 2605 debent.

2520 2736 3130 2827 scholion.

1562 2916 1597 2983 1
1627 2915 1771 2985 40.
1910 2909 2193 2990 solutio
2278 2913 2498 3016 hujus
2581 2909 3088 3010 problematis
3171 2911 3281 2988 ita
3357 2922 3476 2989 est
3555 2921 4010 3012 comparata
4083 2933 4174 2988 ut
4225 2903 4399 3016 ja'm

1227 3032 1411 3110 satis
1476 3033 1573 3110 sit
1637 3035 2129 3136 perspicuum
2164 3096 2187 3129 ‚
2282 3039 2928 3136 quemadmodum
3011 3039 3242 3115 etiam
3324 3038 3685 3115 formulas
3749 3037 3998 3141 magis
4069 3041 4392 3142 compli-

1226 3171 1468 3252 catas,
1534 3159 1773 3237 veluti
1836 3161 1899 3238 si
1968 3160 2256 3240 functio
2322 3161 2389 3236 V
2449 3159 2716 3265 plures
2779 3163 3148 3243 formulas
3217 3164 3632 3267 integrales
3701 3163 4071 3261 involvat,
4139 3167 4262 3244 vel
4332 3168 4400 3245 si

1222 3309 1533 3386 quoque
1595 3281 1691 3376 513
1756 3287 2123 3368 formulas
2186 3313 2429 3370 novas
2493 3290 2912 3392 integrales
2973 3291 3533 3393 complectatur
3572 3349 3595 3383 ‚
3696 3293 4040 3393 expediri
4105 3317 4396 3376 eonve-

1220 3411 1403 3494 nist.
1540 3412 1749 3512 Quin
1810 3413 2045 3494 etiam
2102 3419 2311 3494 'nunc
2374 3431 2498 3496 est
2555 3416 3044 3498 manifestum
3077 3477 3103 3512 ‚
3197 3417 3264 3498 si
3329 3417 3764 3522 hujusmodi
3843 3418 4214 3498 formulae
4282 3421 4400 3498 in·

1224 3541 1568 3644 tegrales
1632 3541 1895 3640 plures
1964 3545 2205 3622 tribus
2271 3543 2682 3624 variabiles
2749 3544 3198 3624 contineant
3221 3609 3248 3650 ‚
3343 3548 3730 3648 quomodo
3806 3555 3968 3624 tum
4032 3546 4395 3628 variatio-

1221 3690 1361 3745 nes
1424 3666 1750 3745 inveniri
1816 3667 2173 3772 oporteat
2205 3725 2227 3763 ,
2329 3659 2556 3772 atque
2623 3673 2820 3751 adeo
2897 3697 3055 3752 non
3135 3675 3380 3753 solum
3445 3673 3874 3752 taediosum
3953 3676 4095 3752 'sed
4155 3674 4392 3752 etiam

1221 3797 1701 3896 superfluum
1758 3795 1967 3875 foret
2032 3797 2097 3876 si
2158 3796 2550 3900 copiosius
2613 3802 2764 3878 hoc
2830 3817 3361 3904 argumentum
3424 3798 3786 3902 persequi
3850 3799 4150 3880 vellem.
4271 3803 4394 3879 Ad

1218 3931 1527 4022 partem
1606 3920 1836 4026 igitur
1916 3925 2137 4030 hujus
2214 3925 2616 4004 doetrinae
2709 3926 3032 4006 alteram
3110 3929 3348 4005 multo
3437 3927 3984 4006 abstrusiorem
4059 3952 4390 4032 progre-

1220 4046 1419 4143 dior,
1484 4042 1616 4126 ubi
1680 4049 1911 4128 etiam
1976 4048 2480 4132 relationibus
2545 4051 2748 4133 inter
2809 4053 3217 4134 variabiles
3283 4053 3716 4133 constitutis
3761 4055 3960 4133 duae
4027 4057 4392 4156 pluresve

1222 4197 1271 4250 a
1334 4197 1421 4258 se
1485 4173 1813 4260 invIcem
1876 4175 2185 4259 minime
2250 4181 2680 4282 pendentes
2743 4181 2825 4262 iu
2887 4181 3183 4262 calculo
3247 4182 3795 4286 relinquuntur.
