4861 5775
1784 462 2227 542 CAPUT
2356 467 2417 542 Ι.
3375 481 3544 548 331

507 695 600 746 ac
668 683 1089 771 propterea

956 791 1059 880 ὃν
1128 815 1254 872 z
1312 820 1365 894 p
1422 783 1575 886 (bx
1638 805 1765 890 -4-
1832 787 1941 893 Dy
2012 809 2136 878 -t-
2194 787 2389 882 az),

506 923 996 1002 manifestum
1062 935 1183 1000 est
1246 921 1693 1000 solutionem
1764 920 1933 996 dari
1994 945 2225 1020 posse
2292 920 2584 998 seilicet

958 1045 2274 1149 vzr2<x÷y÷z).

504 1177 791 1256 Verum
822 1178 959 1253 -ad
1024 1179 1224 1252 hanc
1294 1171 1804 1276 objectionem
1866 1174 2309 1272 respondeo
2342 1233 2363 1264 ‚
2463 1174 2540 1250 in
2621 1178 2764 1252 hoc
2833 1178 3185 1272 exemplo
3253 1200 3437 1254 casu
3501 1201 3678 1252 eve·

507 1307 713 1396 nire,
780 1317 866 1381 nt
928 1301 1155 1380 binae
1224 1301 1701 1379 conditiones
1766 1299 1987 1378 simul
2052 1300 2478 1379 consistere
2543 1303 2878 1404 possint,
2961 1303 3204 1380 altera
3275 1303 3476 1378 enim
3539 1327 3680 1401 pa·

510 1455 829 1532 rumpet
890 1432 1329 1521 immutata,
1414 1437 1505 1506 ut
1565 1441 1928 1507 manente
1996 1446 2255 1528 qu
2322 1451 2496 1506 esse
2563 1431 2846 1510 debeat
2909 1449 3272 1530 rz-...pae‚
3355 1431 3686 1528 ideoque

964 1544 2471 1654 av=p<ax÷3y÷xaz)‚
3383 1637 3392 1650 .

510 1687 1009 1786 perspicuum
1078 1699 1251 1774 est,
1350 1666 1645 1760 nullum
1710 1707 1859 1784 pro
1918 1709 1975 1780 ρ
2052 1683 2397 1762 valorem
2467 1683 2800 1766 exhiberi
2865 1710 3096 1788 posse
3127 1745 3146 1780 ,
3247 1709 3390 1784 per
3454 1708 3681 1782 quem

512 1813 865 1890 formula·
910 1807 1437 1887 differentialis

963 1931 1083 2020 ὃτι·
1154 1951 1275 2018 4-
1336 1928 1447 2034 By
1512 1939 1635 2036 4-
1699 1931 1872 2020 ωδε

428 2141 453 2152 ,
514 2061 1024 2165 multiplicata
1084 2063 1560 2165 integrabilia
1624 2066 2027 2160 reddatur,
2092 2068 2306 2166 quod
2366 2063 2670 2140 unicum
2737 2065 3174 2164 exemplum
3243 2065 3520 2142 sufficit
3585 2066 3682 2140 ad

517 2188 1224 2283 demonstrandum,
1273 2192 1568 2270 duabus
1610 2190 2161 2270 conditionibus
2210 2191 2832 2294 praescribendIs
2874 2192 3300 2293 hujusmodi
3351 2193 3682 2292 quaesti-

362 2417 373 2422 ·
518 2342 703 2396 ones
784 2299 1121 2396 evadere
1195 2319 1599 2418 plusquam
1678 2317 2229 2396 determinatas
2268 2377 2293 2411 ,
2400 2339 2651 2415 neque
2729 2329 3148 2418 propterea
3228 2319 3686 2396 solutionem

518 2445 921 2522 admittere
1000 2443 1147 2522 nisi
1228 2445 1460 2522 certis
1542 2445 1847 2552 essibus
1876 2503 1899 2533 ,
1994 2444 2265 2544 quibus
2346 2443 2568 2541 quasi
2651 2446 2895 2522 altera
2975 2444 3311 2520 conditio
3377 2446 3544 2547 jam
3609 2445 3687 2519 in
3783 2471 3798 2514 ·.

516 2573 762 2650 altera
824 2571 1259 2648 involvitur.
1377 2569 1767 2664 Quocirca
1828 2593 2141 2671 semper
2206 2569 2434 2649 unica
2497 2569 2772 2649 relatio
2837 2569 3039 2648 inter
3105 2571 3472 2648 formulas
3537 2567 3686 2644 dis·

518 2695 957 2776 serentiales
1021 2697 1429 2799 proposito
1501 2697 1809 2776 omnino
1890 2697 2173 2776 sufficit
2252 2696 2718 2798 problemati
2783 2697 3362 2798 determinando
3395 2759 3416 2792 ‚
3443 2783 3450 2790 .
3482 2699 3688 2796 quod

516 2824 803 2902 idcirco
837 2883 862 2915 ‚
956 2824 1137 2923 quia
1198 2846 1343 2925 per
1410 2821 2001 2927 integrationem
2068 2824 2356 2903 functio
2424 2823 2832 2903 arbitraria
2893 2823 3288 2903 indefinita
3349 2823 3687 2929 ingredi-

510 2966 643 3030 tur
678 3011 701 3043 ‚
806 2975 1051 3053 aeque
1114 2962 1391 3052 parum
1454 2976 1602 3052 pro
1668 2951 2259 3029 indeterminato
2337 2974 2458 3029 est
2537 2953 2973 3031 habendum
3041 2976 3136 3029 ao
3201 2952 3686 3055 problemata

520 3079 791 3155 calculi
854 3078 1247 3181 integrans
1319 3078 1745 3157 communis
1782 3140 1805 3171 ‚
1907 3104 2229 3187 quorum
2312 3078 2580 3157 solutio
2659 3090 3136 3158 constantem
3204 3079 3688 3157 arbitrariam

512 3202 953 3290 introducit,
