4861 5775
1626 409 2083 486 CAPUT
2211 409 2313 488 11.
3293 419 3466 494 343

1760 609 2239 690 Solutio.

746 793 939 868 Cum
1026 788 1381 888 aequatio
1464 789 1947 890 propositam
2023 789 2427 866 continens
2510 791 2965 868 relationem
3051 793 3242 870 alias
3310 797 3598 870 {ormu-

421 921 537 996 las
604 915 1150 994 differentiales
1216 932 1529 1016 praeter
1594 927 2065 994 memoratas
2130 937 2289 1008 non
2358 917 2983 1016 comprehendat,
3050 918 3127 993 in
3211 943 3306 996 ea
3373 923 3600 998 binae

420 1044 886 1144 quantitates
949 1065 1009 1142 y
1072 1053 1150 1118 et
1212 1065 1267 1118 z
1332 1063 1480 1143 pro
1545 1041 2074 1120 constantibus
2138 1043 2541 1132 habentur,
2607 1043 2936 1142 ideoque
3001 1045 3229 1121 etiam
3295 1049 3372 1126 in
3442 1049 3592 1124 sin-

420 1171 617 1272 gulis
694 1168 1323 1270 integrationibus
1402 1180 1769 1268 tanquam
1832 1167 2029 1246 tales
2105 1168 2425 1246 tractari
2487 1189 2835 1270 possunt.
2969 1170 3177 1248 Hinc
3245 1174 3598 1272 aequatio

418 1296 818 1399 proposita
882 1295 1074 1372 duas
1139 1308 1439 1372 tantum
1506 1294 1915 1372 variabiles
1978 1319 2044 1370 x
2092 1309 2192 1371 et
2250 1317 2305 1372 v
2365 1293 2761 1372 involvere
2827 1310 2947 1376 est
3009 1301 3440 1389 censenda,
3523 1313 3602 1374 et

417 1423 727 1526 rejectis
796 1405 1286 1500 for'mularum
1350 1420 1967 1499 differentialium
2034 1421 2352 1500 vinculis
2393 1479 2415 1512 ‚
2483 1421 2884 1498 habebitur
2949 1423 3307 1523 aequatio
3375 1427 3594 1502 diffe-

278 1597 285 1602 ·
416 1549 757 1627 rentialis
842 1551 940 1624 ad
1004 1547 1278 1624 librum
1344 1547 1677 1649 primum
1738 1547 2173 1640 referenda,
2238 1548 2317 1623 in
2378 1569 2556 1646 qua,
2621 1548 2686 1625 si
2749 1549 2851 1623 ad
2920 1549 3234 1628 altiores
3310 1556 3598 1651 gradus

419 1687 805 1778 exsurgat,
887 1675 1342 1766 elementum
1425 1675 1551 1765 aa:
1630 1684 1999 1752 constans
2078 1684 2410 1752 sumtum
2463 1687 2612 1774 ,est
2693 1676 3137 1774 putandum.
3298 1663 3592 1770 Quodsi

418 1825 607 1904 ergo
700 1811 1297 1903 praeceptorum
1384 1799 1665 1877 ibidem
1743 1798 2197 1877 traditorum
2279 1823 2432 1900 ope
2509 1802 2700 1880 haec
2787 1805 3144 1899 aequatio
3223 1803 3592 1903 integrari

418 1939 703 2028 queat,
796 1943 959 2004 tum
1024 1929 1196 2004 loco
1262 1925 1776 2002 constantium
1840 1949 1986 2026 per
2050 1923 2389 2026 singulas
2453 1926 3002 2028 integrationes
3071 1929 3590 2030 ixigressarum

420 2053 975 2132 substituantur
1075 2052 1505 2158 functiones
1604 2048 2061 2130 arbitrariae
2164 2051 2519 2130 binarum
2611 2052 3098 2132 variabilinm
3190 2079 3248 2152 y
3343 2072 3420 2130 et
3519 2081 3592 2145 z,

416 2181 645 2256 veluti

872 2307 1115 2405 F:(y
1177 2327 1255 2384 et
1319 2319 1473 2401 z),
1541 2310 1815 2407 Δερ]
1881 2323 1958 2386 et
2022 2311 2173 2398 z),
2238 2318 2389 2382 etc.

414 2485 671 2584 sicque
738 2486 1139 2564 habebitur
1202 2485 1476 2562 solutio
1544 2485 1927 2587 completa
1988 2483 2487 2586 problematis
2555 2486 2951 2583 propositi.

1481 2789 2303 2866 Corollarium
2455 2797 2524 2860 1.

740 3003 949 3075 462.
1084 2998 1402 3073 Praeter
1488 2994 1857 3095 plurimos
1948 2997 2177 3096 igitur
2261 2992 2872 3095 integrabilitatis
2956 3018 3183 3072 casus
3247 3000 3325 3071 in
3389 2998 3578 3073 libro

414 3131 473 3204 Ι.
564 3127 951 3227 expositos
988 3184 1009 3215 ,
1110 3122 1338 3199 etiam
1406 3142 1815 3221 sequentes
1883 3122 2377 3222 aequationes
2447 3118 2991 3196 differentiales
3077 3123 3582 3221 quamtumvis

412 3257 539 3332 alti
610 3253 897 3356 gradus
966 3248 1509 3369 resolutionem·
1570 3247 1970 3325 admittent

830 3445 1471 3538 S=Av÷B
1610 3408 2038 3557 (349ψο
2180 3404 2654 3557 (ἓξ-ὒ-ι-Ι)
2796 3406 3369 3557 (232³)-l-etc„
3443 3457 3518 3514 et

832 3590 3340 3744 εεΑυ-ψ-Βωᾴξγῐ-εωἾξξ-ξ)-ι-Βω-ῧᾷξῦ-ὶ-εω.

1474 3946 2281 4023 Corollarium
2420 3956 2516 4018 2.

739 4157 943 4229 463.
1073 4149 1405 4227 vinculis
1485 4149 1685 4225 enim
1771 4149 2091 4249 abjectis
2171 4145 2539 4247 ejusmodi
2619 4150 2994 4224 habentur
3077 4150 3572 4245 aequationes

407 4278 953 4360 differentiales
986 4336 1006 4365 ‚
1103 4276 1367 4373 quales
1446 4278 1519 4352 in
1590 4274 1951 4351 extremis
2017 4272 2394 4372 capitibus
2463 4270 2630 4348 libri
2703 4273 2763 4345 Ι.
2836 4273 3226 4374 integrare
3313 4278 3573 4351 docui-

404 4430 607 4507 mus..
733 4404 1057 4478 Tantum
1141 4424 1328 4500 opus
1397 4411 1569 4491 est,
1668 4413 1749 4475 ut
1813 4401 1986 4477 loco
2058 4396 2562 4477 constantium
2634 4422 2772 4498 per
2840 4400 3383 4499 integrationes
3456 4406 3565 4474 in-

404 4553 846 4635 gressarum
910 4526 1337 4605 scribantur
1406 4529 1595 4605 tales
1663 4526 2086 4603 functiones
