4861 5775
1361 455 1536 527 1200
2449 420 2927 515 'CAPUT
3052 426 3159 507 11.

1233 634 1962 722 differentiationem
2043 640 2663 733 promoveretur.
2798 622 3047 701 Veluti
3132 620 3209 699 in
3290 622 3545 725 figura
3604 646 3703 701 ex
3766 639 4057 723 puncto
4122 624 4191 699 Y
4260 625 4429 724 pri-

1231 796 1358 849 mo
1427 792 1572 868 per
1635 756 2366 839 differentiationem
2427 750 2874 855 pervenitur
2939 750 3018 827 in
3080 742 3208 841 Y‘,
3269 748 3450 829 hinc
3498 770 3685 828 vero
3726 772 3872 853 per
3916 750 4429 829 variationem

1236 900 1316 975 in
1375 892 1460 996 μ’
1492 920 1514 971 :
1596 893 1904 968 inverso
1989 896 2247 962 autem
2313 880 2583 957 ordine
2650 878 2983 979 primum
3045 900 3140 955 ex
3204 889 3495 979 puncto
3562 878 3629 953 Y
3698 901 3849 979 per
3912 877 4429 957 variationem

1235 1022 1680 1127 pervenitur
1761 1018 1840 1093 in
1921 1034 1982 1113 y
2017 1070 2042 1107 ,
2141 1009 2318 1089 hinc
2399 1029 2593 1085 vero
2678 1030 2825 1106 per
2902 1002 3623 1083 differentiationem
3704 1004 3782 1083 in
3864 1018 4229 1106 punctum
4310 1003 4427 1105 ys,

1234 1152 1438 1230 idem
1501 1145 1708 1245 quod
1773 1162 1981 1219 ante.

2438 1346 2995 1426 Scholion
3130 1357 3212 1425 2.

1575 1538 1719 1607 43.
1845 1522 2283 1600 Theorema
2359 1518 2507 1595 hoc
2590 1516 2955 1595 latissime
3030 1527 3301 1617 patet,
3396 1540 3651 1615 neque
3714 1516 3917 1593 enim
3992 1518 4091 1592 ad
4156 1538 4432 1593 casum

1243 1664 1568 1741 duarum
1645 1650 2126 1729 variabilium
2205 1656 2507 1724 tantum
2570 1642 3101 1746 restringitur,
3180 1645 3321 1721 sed
3356 1642 3690 1721 .veritati
3754 1660 3879 1722 est
3940 1643 4171 1721 etiam
4234 1668 4433 1721 con·

1245 1802 1731 1872 sentaneum,
1813 1792 2306 1879 quotcunque
2385 1771 2799 1851 variabiles
2876 1772 2957 1847 in
3024 1772 3413 1849 calculum.
3464 1770 4015 1873 ingrediantur,
4080 1773 4433 1870 quando·

1248 1914 1552 2015 quidem
1629 1907 1710 1985 in
1785 1900 2441 1983 demonstratione
2521 1899 2749 1977 solius
2831 1898 3025 1977 illius
3098 1898 3489 1975 variabilis
3556 1898 3771 2001 cujus
3836 1914 3996 1977 tam
4062 1900 4433 1975 differen-

1241 2042 1424 2118 tialc
1491 2059 1722 2137 quam
1785 2031 2112 2109 variatio
2184 2028 2736 2118 consideratur,
2802 2026 2998 2102 ratio
3066 2027 3390 2103 habetur
3438 2023 3617 2102 sine
3680 2026 3835 2105 ullo
3902 2040 4267 2128 respectu
4328 2028 4435 2101 ad

949 2146 1070 2248 rig·
1109 2164 1164 2225 ¹⁴·
1245 2168 1580 2265 reliquas
1644 2157 2084 2238 variabiles.
2213 2154 2336 2231 Ne
2403 2165 2657 2231 autem
2723 2153 2847 2229 hic
2910 2152 3042 2229 ulli
3104 2151 3335 2229 dubio
3402 2154 3622 2231 locus
3674 2154 4173 2255 relinquatur,
4243 2179 4437 2231 con·-

1247 2295 1668 2373 sideremus
1769 2282 2250 2387 superficiem
2331 2304 2869 2385 quamcunque
2896 2339 2919 2373 ,
3018 2280 3235 2382 cujus
3318 2298 3687 2382 punctum
3768 2282 4087 2381 quodvis
4166 2283 4229 2357 Z
4290 2307 4437 2383 per

1247 2418 1744 2501 coordinatas
1807 2427 2073 2491 ternas

1705 2578 2926 2681 AX=x‚XY.·-·-:y‚et
3018 2582 3464 2666 Yzzz

1249 2759 1676 2849 definiatur,
1743 2777 1793 2830 a
1856 2776 2008 2852 quo
2075 2750 2141 2829 si
2205 2750 2304 2827 ad
2373 2751 2573 2828 aliud
2637 2763 3005 2854 punctum
3073 2751 3501 2852 proximum
3570 2750 3663 2828 ΖΙ
3705 2753 3782 2829 in
3848 2754 4119 2831 eadem
4166 2778 4437 2855 super·

1247 2889 1417 2966 ficie
1499 2880 2093 2986 progrediamur
2129 2937 2151 2976 ,
2244 2881 2393 2957 hae
2474 2880 2969 2958 coordinatae
3054 2880 3205 2958 suis
3272 2879 3905 2962 differentialibus
3970 2880 4437 2961 increscent.

1249 3016 1446 3091 Tum
1539 3035 1730 3088 vero
1829 3008 2058 3085 aliam
2143 3031 2673 3108 quamcunque
2740 3007 3233 3107 superficiem
3341 3008 3871 3108 concipiamus
3979 3011 4437 3111 proximam,

1251 3144 1464 3246 cujus
1545 3148 1835 3238 puncta
1915 3161 1968 3212 z
2049 3151 2126 3214 et
2212 3125 2297 3210 z‘
2379 3160 2555 3211 cum
2621 3135 2764 3213 illis
2846 3137 2907 3210 Z
2976 3148 3055 3212 et
3119 3129 3216 3244 Z(
3277 3137 3799 3230 conferantur,
3862 3138 4076 3238 quod
4142 3139 4229 3213 fit
4290 3163 4437 3238 per

1251 3265 1777 3346 variationem.
1921 3264 2068 3342 His
2146 3263 2416 3365 positis
2481 3262 2975 3364 perspicuum
3040 3273 3182 3356 est,
3248 3262 3533 3364 duplici
3598 3265 3835 3342 modo
3900 3265 3999 3340 ad
4068 3279 4449 3366 punctum

1254 3395 1334 3472 z'
1415 3391 1801 3491 perveniri
1882 3414 2144 3492 posse,
2211 3390 2457 3469 altero
2523 3417 2669 3493 per
2734 3389 3241 3471 variationem
3306 3416 3399 3468 ex
3463 3407 3751 3493 puncto
3820 3385 3923 3470 Z‘
3981 3393 4227 3472 altero
4294 3419 4449 3495 per

1252 3521 1756 3599 differentiale
1821 3541 1917 3596 ex
1977 3539 2269 3621 puncto
2333 3544 2410 3612 z,
2480 3520 2741 3620 sicque
2802 3519 2974 3597 fore

1701 3698 4037 3844 AxffgAxf÷6.AX‘=Ax-÷-3.Aae,

1703 3847 4066 3978 ae‘y'zxsY'÷5.}(²Y‘:xy÷3·=vy2'

1703 3996 4041 4112 y‘z‘2YsZ‘÷S.Y‘Z‘:yz÷3.yz,

1255 4204 1462 4304 quod
1529 4204 1758 4280 etiam
1828 4204 1924 4278 de
1994 4203 2344 4281 omnibus
2413 4205 2579 4282 aliis
2648 4207 3190 4305 quantitatibus
3259 4206 3749 4284 variabilibus
3822 4207 3919 4282 ad
4006 4211 4203 4288 haec
4248 4235 4453 4312 pun-

1252 4347 1380 4410 cta
1444 4329 1870 4408 referendis
1937 4331 2166 4410 valet.
2297 4333 2503 4408 Hinc
2573 4355 2826 4410 autem
2898 4336 3315 4412 luculenter
3382 4335 3717 4432 sequitur
3784 4335 3949 4410 sore

1700 4465 1865 4559 δόω
1929 4501 2052 4558 z
2125 4464 2316 4571 ὂδτ,
2415 4471 2573 4578 &By
2634 4504 2757 4559 z
2826 4467 3005 4582 osy,
3100 4469 3256 4566 <iaz
3322 4505 3445 4560 :z
3514 4470 3687 4564 ἃδε.
