4861 5775
1661 532 2102 611 CAPUT
2231 530 2375 609 HL
3284 545 3453 618 am

1492 732 2317 810 Corollarium
2462 742 2533 808 1.

747 943 948 1017 426.
1088 940 1294 1016 Casu
1361 938 1706 1016 radicum
1771 938 2197 1037 aequalium
2263 939 2587 1037 pel-Inde
2650 960 2809 1033 est,
2882 960 3066 1042 ,utra
3132 944 3327 1021 serie
3396 942 3595 1049 geo·'

417 1071 737 1147 metrica
801 1082 1101 1143 utamur
1135 1074 1178 1158 ,‘
1252 1065 1627 1169 siquidem
1689 1065 2120 1143 functiones
2185 1088 2437 1164 neque
2499 1065 2655 1146 sint
2718 1068 2954 1167 ipsius
3022 1097 3085 1145 x
3152 1094 3397 1169 neque
3463 1076 3581 1173 ip·

418 1197 569 1272 sius
648 1219 705 1296 y
783 1206 1101 1271 tantum.
1239 1194 1365 1273 Sin
1445 1206 1700 1269 autem
1735 1184 1912 1269 ⁵hae
1980 1191 2410 1270 functiones
2490 1193 2767 1271 fuerint
2832 1196 2952 1271 vel
3028 1198 3262 1297 ipsius
3327 1226 3389 1273 x
3456 1201 3577 1274 vel

417 1322 652 1422 ipsius
713 1350 770 1421 y
850 1333 1142 1401 tantum
1174 1384 1196 1417 ,
1293 1334 1452 1398 tum
1521 1320 1826 1399 alterius
1893 1318 2281 1397 variabilis
2357 1321 2708 1400 diversae
2789 1324 3323 1426 progreasione
3392 1350 3575 1426 geo-

417 1452 736 1527 metrica
801 1449 909 1525 uti
979 1472 1306 1554 oportet.
2357 1445 2366 1459 '

1488 1834 2296 1913 Corollarium
2435 1845 2518 1911 2.

742 2038 850 2108 42
872 2038 914 2113 7
931 2088 947 2105 .
1081 2029 1156 2111 si
1233 2030 1312 2107 in
1385 2031 1840 2131 aequatione
1938 2025 2376 2132 algebraica
2474 2026 2779 2105 termini
2860 2023 3181 2103 initiales
3264 2004 3329 2107 A'
3361 2044 3396 2119 ,“
3450 2030 3516 2102 Β
3550 2085 3572 2123 ,
3636 2043 3645 2051 ·

414 2162 506 2252 C,
571 2168 717 2236 etc.
785 2169 1308 2250 evanescant,
1409 2168 1493 2233 ut
1569 2155 1916 2235 radicum
1995 2178 2358 2234 numerus
2424 2175 2861 2255 exponente
2928 2156 2982 2230 λ
3067 2153 3317 2232 minor
3399 2178 3571 2233 esse

410 2286 762 2365 videatur
791 2346 814 2378 ‚
912 2297 1071 2361 tum
1149 2267 1452 2364 radice‘s
1537 2282 1976 2363 deficientes
2057 2306 2204 2383 pro
2279 2281 2570 2359 infinite
2652 2284 2949 2387 magnis
3030 2293 3207 2359 sunt
3285 2285 3575 2363 haben·

411 2416 559 2490 dae
590 2472 610 2506 ,
655 2412 962 2509 ,quibus
1029 2411 1458 2493 functiones
1524 2410 1762 2512 ipsius
1825 2436 1891 2487 x
1959 2421 2255 2488 tantum
2318 2410 2957 2511 respondebunt,
3055 2411 3135 2483 in
3197 2412 3569 2513 integrale

409 2540 1034 2618 introducendae.
1290 2541 1301 2549 ‘

1473 2831 2293 2910 Corollarium
2427 2838 2506 2910 3.

729 3048 942 3126 428.
1077 3030 1196 3122 Ita
1263 3045 1326 3124 si
1392 3045 1619 3122 fuerit
1685 3048 1904 3122 A:
1946 3055 2040 3136 0,
2106 3047 2426 3124 Bzo'
2506 3058 2584 3123 et
2662 3047 2726 3121 C
2766 3063 2891 3122 z:
2934 3055 3037 3137 0,
3134 3055 3293 3120 tres
3356 3041 3565 3116 radi-

406 3206 536 3260 ces
619 3205 730 3273 ω,
795 3173 856 3283 β
887 3231 909 3264 ,
977 3200 1057 3283 ‘Y
1155 3174 1232 3258 in
1297 3172 1664 3290 infinitum
1741 3195 2192 3251 excrescere
2275 3184 2451 3250 sunt
2532 3171 2960 3252 censendae
2995 3229 3017 3263 ,
3123 3194 3215 3247 ex
3289 3169 3559 3267 quibus

401 3318 760 3389 nascetur
823 3325 1012 3402 pars
1075 3299 1490 3403 integralis:

871 3459 2504 3568 Γεω-μῃΔεω-ι-ψΣτω.

1691 3813 2281 3918 seholiom

731 4011 940 4094 429.
1074 3989 1458 4100 Quoniam
1539 4009 1730 4084 haee
1813 4029 2000 4106 pars
2083 4004 2352 4083 calculi
2416 4005 2807 4110 integralis
2874 4004 2998 4114 vii}
3067 4011 3309 4086 excoli
3376 4033 3555 4088 eoe-

393 4144 509 4245 pit
542 4200 564 4232 ,
667 4139 989 4236 ideoque
1071 4135 1289 4237 hujus
1372 4135 1676 4238 generis
1755 4132 2392 4238 investigationes·
2458 4134 2707 4210 adbuc
2790 4153 3113 4229 prorsus
3192 4149 3365 4215 sunt
3429 4165 3555 4216 re·

396 4265 743 4348 conditae
774 4322 796 4355 ,
895 4265 992 4340 de
1072 4262 1219 4338 hac
1299 4260 1634 4340 sectione
1715 4260 1942 4362 plura
2017 4264 2374 4364 proferre
2448 4285 2607 4340 non
2680 4258 2861 4338 licet
2894 4317 2917 4350 ‚
3026 4261 3353 4363 ideoque
3438 4268 3555 4345 his

391 4408 698 4498 partem
761 4389 1087 4490 primam
1155 4385 1327 4465 libri
1391 4387 1740 4482 secundi,
1827 4413 2024 4488 quae
2091 4390 2168 4466 in
2237 4386 2829 4493 investigatione
2894 4386 3383 4468 {unctionum
3437 4394 3548 4469 bi-

389 4544 666 4602 narum
745 4514 1224 4595 variabilium
1311 4537 1408 4593 ex
1502 4515 1685 4591 data
1766 4517 2098 4613 quadam
2196 4514 2810 4600 differentialium
2901 4514 3277 4594 relatione
3379 4545 3551 4596 ver-

391 4662 604 4730 satur
627 4650 660 4740 ⁸,
761 4641 1219 4724 concludere
1295 4663 1563 4745 cogor.
1692 4639 1944 4720 Multo
2025 4652 2282 4721 autem
2346 4643 2723 4744 pauciora
2790 4639 3001 4720 eirea
3066 4663 3384 4742 partem·
3439 4646 3551 4721 al·
