<?xml version="1.0" encoding="UTF-8"?>
<!DOCTYPE html PUBLIC "-//W3C//DTD XHTML 1.0 Transitional//EN"
    "http://www.w3.org/TR/xhtml1/DTD/xhtml1-transitional.dtd">
<html xmlns="http://www.w3.org/1999/xhtml" xml:lang="en" lang="en">
 <head>
  <title>
</title>
<meta http-equiv="Content-Type" content="text/html;charset=utf-8" />
  <meta name='ocr-system' content='tesseract 3.04.00' />
  <meta name='ocr-capabilities' content='ocr_page ocr_carea ocr_par ocr_line ocrx_word'/>
</head>
<body>
  <div class='ocr_page' id='page_1' title='image "./leonhardieuleri05eulegoog/leonhardieuleri05eulegoog_0402.png"; bbox 0 0 4861 5775; ppageno 0'>
   <div class='ocr_carea' id='block_1_1' title="bbox 1401 423 3193 533">
    <p class='ocr_par' dir='ltr' id='par_1_1' title="bbox 1401 423 3193 533">
     <span class='ocr_line' id='line_1_1' title="bbox 1401 423 3193 533; baseline -0.013 -4"><span class='ocrx_word' id='word_1_1' title='bbox 1401 454 1580 533; x_wconf 74' lang='lat'>³92</span> <span class='ocrx_word' id='word_1_2' title='bbox 2556 423 2996 511; x_wconf 71' lang='lat' dir='ltr'>CAPUT</span> <span class='ocrx_word' id='word_1_3' title='bbox 3126 424 3193 505; x_wconf 79' lang='lat'>1.</span> 
     </span>
    </p>
   </div>
   <div class='ocr_carea' id='block_1_2' title="bbox 1269 626 4444 987">
    <p class='ocr_par' dir='ltr' id='par_1_2' title="bbox 1269 626 4444 987">
     <span class='ocr_line' id='line_1_2' title="bbox 1269 626 4437 750; baseline -0.011 -18"><span class='ocrx_word' id='word_1_4' title='bbox 1269 649 1692 750; x_wconf 70' lang='lat' dir='ltr'>Analyseos</span> <span class='ocrx_word' id='word_1_5' title='bbox 1757 640 2232 719; x_wconf 76' lang='lat' dir='ltr'>incrementa</span> <span class='ocrx_word' id='word_1_6' title='bbox 2295 630 2583 734; x_wconf 79' lang='lat' dir='ltr'>requiri</span> <span class='ocrx_word' id='word_1_7' title='bbox 2648 630 3029 711; x_wconf 80' lang='lat' dir='ltr'>videntur.</span> <span class='ocrx_word' id='word_1_8' title='bbox 3160 626 3451 712; x_wconf 70' lang='lat' dir='ltr'>vetum</span> <span class='ocrx_word' id='word_1_9' title='bbox 3512 632 3617 715; x_wconf 78' lang='lat' dir='ltr'>eb</span> <span class='ocrx_word' id='word_1_10' title='bbox 3686 628 3893 713; x_wconf 74' lang='lat' dir='ltr'>hane</span> <span class='ocrx_word' id='word_1_11' title='bbox 3956 629 4203 732; x_wconf 65' lang='lat' dir='ltr'>ipsam</span> <span class='ocrx_word' id='word_1_12' title='bbox 4266 656 4437 711; x_wconf 58' lang='lat' dir='ltr'>aa.</span> 
     </span>
     <span class='ocr_line' id='line_1_3' title="bbox 1274 755 4444 871; baseline -0.008 -17"><span class='ocrx_word' id='word_1_13' title='bbox 1274 801 1444 859; x_wconf 78' lang='lat' dir='ltr'>sam</span> <span class='ocrx_word' id='word_1_14' title='bbox 1509 798 1604 850; x_wconf 91' lang='lat' dir='ltr'>eo</span> <span class='ocrx_word' id='word_1_15' title='bbox 1677 766 1924 871; x_wconf 85' lang='lat' dir='ltr'>magis</span> <span class='ocrx_word' id='word_1_16' title='bbox 1989 765 2136 845; x_wconf 89' lang='lat' dir='ltr'>erit</span> <span class='ocrx_word' id='word_1_17' title='bbox 2198 762 2639 841; x_wconf 79' lang='lat' dir='ltr'>enitendum</span> <span class='ocrx_word' id='word_1_18' title='bbox 2698 772 2785 837; x_wconf 88' lang='lat' dir='ltr'>ut</span> <span class='ocrx_word' id='word_1_19' title='bbox 2842 755 3225 858; x_wconf 83' lang='lat' dir='ltr'>principia</span> <span class='ocrx_word' id='word_1_20' title='bbox 3290 758 3513 859; x_wconf 80' lang='lat' dir='ltr'>hujus</span> <span class='ocrx_word' id='word_1_21' title='bbox 3578 755 3967 849; x_wconf 71' lang='lat' dir='ltr'>methodi,</span> <span class='ocrx_word' id='word_1_22' title='bbox 4040 780 4239 859; x_wconf 64' lang='lat' dir='ltr'>quae</span> <span class='ocrx_word' id='word_1_23' title='bbox 4298 761 4444 839; x_wconf 65' lang='lat' dir='ltr'>cal..</span> 
     </span>
     <span class='ocr_line' id='line_1_4' title="bbox 1273 882 4443 987; baseline -0.008 -5"><span class='ocrx_word' id='word_1_24' title='bbox 1273 903 1445 982; x_wconf 90' lang='lat' dir='ltr'>eulo</span> <span class='ocrx_word' id='word_1_25' title='bbox 1509 896 1784 977; x_wconf 79' lang='lat' dir='ltr'>variati</span> <span class='ocrx_word' id='word_1_26' title='bbox 1792 918 2022 973; x_wconf 86' lang='lat' dir='ltr'>onum</span> <span class='ocrx_word' id='word_1_27' title='bbox 2098 890 2625 987; x_wconf 80' lang='lat' dir='ltr'>continentur,</span> <span class='ocrx_word' id='word_1_28' title='bbox 2723 885 2963 967; x_wconf 87' lang='lat' dir='ltr'>solide</span> <span class='ocrx_word' id='word_1_29' title='bbox 3028 883 3511 979; x_wconf 65' lang='lat' dir='ltr'>stabiliantur</span> <span class='ocrx_word' id='word_1_30' title='bbox 3534 940 3561 976; x_wconf 84' lang='lat'><strong>‚</strong></span> <span class='ocrx_word' id='word_1_31' title='bbox 3655 882 4031 985; x_wconf 79' lang='lat' dir='ltr'>simulque</span> <span class='ocrx_word' id='word_1_32' title='bbox 4092 888 4301 966; x_wconf 77' lang='lat' dir='ltr'>clare</span> <span class='ocrx_word' id='word_1_33' title='bbox 4358 911 4443 966; x_wconf 67' lang='lat' dir='ltr'>aa</span> 
     </span>
    </p>
   </div>
   <div class='ocr_carea' id='block_1_3' title="bbox 1279 1020 2256 1127">
    <p class='ocr_par' dir='ltr' id='par_1_3' title="bbox 1279 1020 2256 1127">
     <span class='ocr_line' id='line_1_5' title="bbox 1279 1020 2256 1127; baseline -0.011 -20"><span class='ocrx_word' id='word_1_34' title='bbox 1279 1028 1634 1109; x_wconf 85' lang='lat' dir='ltr'>distincte</span> <span class='ocrx_word' id='word_1_35' title='bbox 1697 1020 2256 1127; x_wconf 71' lang='lat' dir='ltr'>p‘roponautur.</span> 
     </span>
    </p>
   </div>
   <div class='ocr_carea' id='block_1_4' title="bbox 2464 1196 3355 1292">
    <p class='ocr_par' dir='ltr' id='par_1_4' title="bbox 2464 1196 3355 1292">
     <span class='ocr_line' id='line_1_6' title="bbox 2464 1196 3355 1292; baseline -0.012 0"><span class='ocrx_word' id='word_1_36' title='bbox 2464 1196 3039 1292; x_wconf 78' lang='lat' dir='ltr'>Scholion</span> <span class='ocrx_word' id='word_1_37' title='bbox 3176 1224 3259 1291; x_wconf 88' lang='lat'>2.</span> <span class='ocrx_word' id='word_1_38' title='bbox 3346 1265 3355 1281; x_wconf 82' lang='grc'><strong>.</strong></span> 
     </span>
    </p>
   </div>
   <div class='ocr_carea' id='block_1_5' title="bbox 1129 1360 4482 2990">
    <p class='ocr_par' dir='ltr' id='par_1_5' title="bbox 1293 1360 4461 1729">
     <span class='ocr_line' id='line_1_7' title="bbox 1609 1360 4453 1471; baseline -0.002 -23"><span class='ocrx_word' id='word_1_39' title='bbox 1609 1378 1753 1448; x_wconf 87' lang='lat'>25.</span> <span class='ocrx_word' id='word_1_40' title='bbox 1887 1366 2030 1443; x_wconf 79' lang='lat' dir='ltr'>Vix</span> <span class='ocrx_word' id='word_1_41' title='bbox 2103 1392 2292 1469; x_wconf 82' lang='lat' dir='ltr'>opus</span> <span class='ocrx_word' id='word_1_42' title='bbox 2359 1386 2531 1441; x_wconf 87' lang='lat' dir='ltr'>esse</span> <span class='ocrx_word' id='word_1_43' title='bbox 2596 1361 2935 1439; x_wconf 81' lang='lat' dir='ltr'>arbitror</span> <span class='ocrx_word' id='word_1_44' title='bbox 2998 1360 3123 1467; x_wconf 81' lang='lat' dir='ltr'>hie</span> <span class='ocrx_word' id='word_1_45' title='bbox 3194 1362 3853 1461; x_wconf 77' lang='lat' dir='ltr'>animadvertere,</span> <span class='ocrx_word' id='word_1_46' title='bbox 3914 1362 4147 1471; x_wconf 81' lang='lat' dir='ltr'>istum</span> <span class='ocrx_word' id='word_1_47' title='bbox 4212 1366 4453 1443; x_wconf 83' lang='lat' dir='ltr'>ealcu-</span> 
     </span>
     <span class='ocr_line' id='line_1_8' title="bbox 1295 1486 4455 1595; baseline -0.003 -15"><span class='ocrx_word' id='word_1_48' title='bbox 1295 1508 1448 1581; x_wconf 88' lang='lat' dir='ltr'>lum</span> <span class='ocrx_word' id='word_1_49' title='bbox 1515 1498 1734 1577; x_wconf 78' lang='lat' dir='ltr'>simili</span> <span class='ocrx_word' id='word_1_50' title='bbox 1799 1494 2033 1573; x_wconf 87' lang='lat' dir='ltr'>modo</span> <span class='ocrx_word' id='word_1_51' title='bbox 2103 1494 2201 1569; x_wconf 84' lang='lat' dir='ltr'>ad</span> <span class='ocrx_word' id='word_1_52' title='bbox 2267 1492 2528 1595; x_wconf 88' lang='lat' dir='ltr'>plures</span> <span class='ocrx_word' id='word_1_53' title='bbox 2594 1488 2835 1567; x_wconf 90' lang='lat' dir='ltr'>tribus</span> <span class='ocrx_word' id='word_1_54' title='bbox 2887 1486 3295 1567; x_wconf 82' lang='lat' dir='ltr'>variabiles</span> <span class='ocrx_word' id='word_1_55' title='bbox 3350 1488 3801 1590; x_wconf 80' lang='lat' dir='ltr'>amplificari</span> <span class='ocrx_word' id='word_1_56' title='bbox 3850 1514 4115 1590; x_wconf 87' lang='lat' dir='ltr'>posse,</span> <span class='ocrx_word' id='word_1_57' title='bbox 4178 1489 4455 1571; x_wconf 85' lang='lat' dir='ltr'>etiamsi</span> 
     </span>
     <span class='ocr_line' id='line_1_9' title="bbox 1293 1593 4461 1729; baseline -0.003 -24"><span class='ocrx_word' id='word_1_58' title='bbox 1293 1626 1774 1729; x_wconf 82' lang='lat' dir='ltr'>quaestiones</span> <span class='ocrx_word' id='word_1_59' title='bbox 1844 1619 2362 1725; x_wconf 81' lang='lat' dir='ltr'>geometricae</span> <span class='ocrx_word' id='word_1_60' title='bbox 2425 1603 2618 1694; x_wconf 72' lang='lat' dir='ltr'>non¹</span> <span class='ocrx_word' id='word_1_61' title='bbox 2650 1615 2971 1717; x_wconf 88' lang='lat' dir='ltr'>amplius</span> <span class='ocrx_word' id='word_1_62' title='bbox 3041 1616 3660 1695; x_wconf 83' lang='lat' dir='ltr'>dilucidationem</span> <span class='ocrx_word' id='word_1_63' title='bbox 3710 1593 4247 1719; x_wconf 69' lang='lat' dir='ltr'>suppeditent3</span> <span class='ocrx_word' id='word_1_64' title='bbox 4306 1618 4461 1719; x_wconf 82' lang='lat' dir='ltr'>ipsa</span> 
     </span>
    </p>

    <p class='ocr_par' dir='ltr' id='par_1_6' title="bbox 1129 1742 4482 2990">
     <span class='ocr_line' id='line_1_10' title="bbox 1129 1742 4466 1851; baseline -0.004 -18"><span class='ocrx_word' id='word_1_65' title='bbox 1129 1780 1199 1833; x_wconf 55' lang='lat' dir='ltr'><em>a</em></span> <span class='ocrx_word' id='word_1_66' title='bbox 1295 1757 1496 1836; x_wconf 91' lang='lat' dir='ltr'>enim</span> <span class='ocrx_word' id='word_1_67' title='bbox 1561 1749 1912 1851; x_wconf 85' lang='lat' dir='ltr'>Analysis</span> <span class='ocrx_word' id='word_1_68' title='bbox 1994 1772 2148 1824; x_wconf 88' lang='lat' dir='ltr'>non</span> <span class='ocrx_word' id='word_1_69' title='bbox 2227 1746 2336 1824; x_wconf 92' lang='lat' dir='ltr'>uti</span> <span class='ocrx_word' id='word_1_70' title='bbox 2420 1743 2867 1821; x_wconf 86' lang='lat' dir='ltr'>Geometria</span> <span class='ocrx_word' id='word_1_71' title='bbox 2947 1755 3165 1823; x_wconf 88' lang='lat' dir='ltr'>certo</span> <span class='ocrx_word' id='word_1_72' title='bbox 3248 1742 3813 1821; x_wconf 84' lang='lat' dir='ltr'>dimensionum</span> <span class='ocrx_word' id='word_1_73' title='bbox 3894 1769 4221 1822; x_wconf 88' lang='lat' dir='ltr'>numero</span> <span class='ocrx_word' id='word_1_74' title='bbox 4287 1745 4466 1822; x_wconf 84' lang='lat' dir='ltr'>limi·</span> 
     </span>
     <span class='ocr_line' id='line_1_11' title="bbox 1294 1869 4459 1975; baseline -0.003 -16"><span class='ocrx_word' id='word_1_75' title='bbox 1294 1882 1443 1959; x_wconf 89' lang='lat' dir='ltr'>tari</span> <span class='ocrx_word' id='word_1_76' title='bbox 1505 1892 1622 1959; x_wconf 91' lang='lat' dir='ltr'>est</span> <span class='ocrx_word' id='word_1_77' title='bbox 1689 1878 2102 1956; x_wconf 84' lang='lat' dir='ltr'>censenda.</span> <span class='ocrx_word' id='word_1_78' title='bbox 2267 1872 2601 1967; x_wconf 79' lang='lat' dir='ltr'>Quando</span> <span class='ocrx_word' id='word_1_79' title='bbox 2686 1882 2941 1947; x_wconf 88' lang='lat' dir='ltr'>autem</span> <span class='ocrx_word' id='word_1_80' title='bbox 3026 1873 3289 1972; x_wconf 75' lang='lat' dir='ltr'>plures</span> <span class='ocrx_word' id='word_1_81' title='bbox 3370 1869 3781 1975; x_wconf 75' lang='lat' dir='ltr'>variabiles</span> <span class='ocrx_word' id='word_1_82' title='bbox 3864 1870 4459 1965; x_wconf 83' lang='lat' dir='ltr'>considerantur,</span> 
     </span>
     <span class='ocr_line' id='line_1_12' title="bbox 1299 1997 4468 2103; baseline -0.004 -15"><span class='ocrx_word' id='word_1_83' title='bbox 1299 2022 1477 2089; x_wconf 84' lang='lat' dir='ltr'>ante</span> <span class='ocrx_word' id='word_1_84' title='bbox 1565 2004 1822 2083; x_wconf 88' lang='lat' dir='ltr'>omnia</span> <span class='ocrx_word' id='word_1_85' title='bbox 1903 2000 2283 2103; x_wconf 81' lang='lat' dir='ltr'>perpendi</span> <span class='ocrx_word' id='word_1_86' title='bbox 2369 1997 2771 2091; x_wconf 82' lang='lat' dir='ltr'>convenit,</span> <span class='ocrx_word' id='word_1_87' title='bbox 2872 2009 3121 2075; x_wconf 88' lang='lat' dir='ltr'>utrum</span> <span class='ocrx_word' id='word_1_88' title='bbox 3206 2021 3473 2076; x_wconf 89' lang='lat' dir='ltr'>earum</span> <span class='ocrx_word' id='word_1_89' title='bbox 3552 1997 3827 2075; x_wconf 84' lang='lat' dir='ltr'>relatio</span> <span class='ocrx_word' id='word_1_90' title='bbox 3905 2010 4175 2076; x_wconf 83' lang='lat' dir='ltr'>mutua</span> <span class='ocrx_word' id='word_1_91' title='bbox 4259 2000 4468 2077; x_wconf 83' lang='lat' dir='ltr'>unica</span> 
     </span>
     <span class='ocr_line' id='line_1_13' title="bbox 1299 2113 4469 2229; baseline -0.003 -18"><span class='ocrx_word' id='word_1_92' title='bbox 1299 2148 1598 2213; x_wconf 87' lang='lat' dir='ltr'>tantum</span> <span class='ocrx_word' id='word_1_93' title='bbox 1663 2128 2122 2229; x_wconf 88' lang='lat' dir='ltr'>aequatione</span> <span class='ocrx_word' id='word_1_94' title='bbox 2191 2124 2699 2225; x_wconf 82' lang='lat' dir='ltr'>exprimatur,</span> <span class='ocrx_word' id='word_1_95' title='bbox 2788 2146 2885 2199; x_wconf 91' lang='lat' dir='ltr'>an</span> <span class='ocrx_word' id='word_1_96' title='bbox 2952 2124 3357 2225; x_wconf 80' lang='lat' dir='ltr'>pluribus?</span> <span class='ocrx_word' id='word_1_97' title='bbox 3458 2148 3655 2224; x_wconf 86' lang='lat' dir='ltr'>quae</span> <span class='ocrx_word' id='word_1_98' title='bbox 3719 2137 3841 2203; x_wconf 83' lang='lat' dir='ltr'>tot</span> <span class='ocrx_word' id='word_1_99' title='bbox 3906 2148 4079 2204; x_wconf 86' lang='lat' dir='ltr'>esse</span> <span class='ocrx_word' id='word_1_100' title='bbox 4148 2113 4469 2227; x_wconf 75' lang='lat' dir='ltr'>possunt,</span> 
     </span>
     <span class='ocr_line' id='line_1_14' title="bbox 1303 2251 4475 2351; baseline -0.003 -14"><span class='ocrx_word' id='word_1_101' title='bbox 1303 2274 1386 2339; x_wconf 91' lang='lat' dir='ltr'>ut</span> <span class='ocrx_word' id='word_1_102' title='bbox 1453 2258 1850 2335; x_wconf 87' lang='lat' dir='ltr'>multitudo</span> <span class='ocrx_word' id='word_1_103' title='bbox 1919 2255 2206 2329; x_wconf 89' lang='lat' dir='ltr'>unitate</span> <span class='ocrx_word' id='word_1_104' title='bbox 2275 2264 2569 2327; x_wconf 88' lang='lat' dir='ltr'>tantum</span> <span class='ocrx_word' id='word_1_105' title='bbox 2638 2276 2683 2326; x_wconf 86' lang='lat' dir='ltr'>a</span> <span class='ocrx_word' id='word_1_106' title='bbox 2749 2276 3072 2327; x_wconf 86' lang='lat' dir='ltr'>numero</span> <span class='ocrx_word' id='word_1_107' title='bbox 3140 2251 3622 2329; x_wconf 83' lang='lat' dir='ltr'>variabilium</span> <span class='ocrx_word' id='word_1_108' title='bbox 3688 2251 4019 2344; x_wconf 86' lang='lat' dir='ltr'>deficiat,</span> <span class='ocrx_word' id='word_1_109' title='bbox 4086 2276 4245 2351; x_wconf 92' lang='lat' dir='ltr'>quo</span> <span class='ocrx_word' id='word_1_110' title='bbox 4308 2276 4475 2329; x_wconf 88' lang='lat' dir='ltr'>casu</span> 
     </span>
     <span class='ocr_line' id='line_1_15' title="bbox 1313 2376 4474 2481; baseline -0.004 -16"><span class='ocrx_word' id='word_1_111' title='bbox 1313 2410 1582 2466; x_wconf 86' lang='lat' dir='ltr'>omnes</span> <span class='ocrx_word' id='word_1_112' title='bbox 1651 2399 2015 2481; x_wconf 87' lang='lat' dir='ltr'>tanquam</span> <span class='ocrx_word' id='word_1_113' title='bbox 2083 2377 2507 2455; x_wconf 85' lang='lat' dir='ltr'>functiones</span> <span class='ocrx_word' id='word_1_114' title='bbox 2570 2376 2790 2455; x_wconf 86' lang='lat' dir='ltr'>unius</span> <span class='ocrx_word' id='word_1_115' title='bbox 2857 2392 3215 2479; x_wconf 85' lang='lat' dir='ltr'>spectare</span> <span class='ocrx_word' id='word_1_116' title='bbox 3282 2378 3482 2456; x_wconf 84' lang='lat' dir='ltr'>lieet.</span> <span class='ocrx_word' id='word_1_117' title='bbox 3652 2378 3781 2455; x_wconf 86' lang='lat' dir='ltr'>Sin</span> <span class='ocrx_word' id='word_1_118' title='bbox 3860 2390 4118 2455; x_wconf 82' lang='lat' dir='ltr'>autem</span> <span class='ocrx_word' id='word_1_119' title='bbox 4182 2379 4474 2481; x_wconf 85' lang='lat' dir='ltr'>paucio·</span> 
     </span>
     <span class='ocr_line' id='line_1_16' title="bbox 1319 2502 4477 2610; baseline -0.003 -19"><span class='ocrx_word' id='word_1_120' title='bbox 1319 2516 1531 2591; x_wconf 88' lang='lat' dir='ltr'>ribus</span> <span class='ocrx_word' id='word_1_121' title='bbox 1603 2507 2182 2610; x_wconf 87' lang='lat' dir='ltr'>aequationibus</span> <span class='ocrx_word' id='word_1_122' title='bbox 2247 2514 2552 2581; x_wconf 88' lang='lat' dir='ltr'>constet</span> <span class='ocrx_word' id='word_1_123' title='bbox 2614 2504 2928 2601; x_wconf 86' lang='lat' dir='ltr'>relatio,</span> <span class='ocrx_word' id='word_1_124' title='bbox 2996 2506 3340 2609; x_wconf 86' lang='lat' dir='ltr'>singulae</span> <span class='ocrx_word' id='word_1_125' title='bbox 3402 2502 3815 2583; x_wconf 84' lang='lat' dir='ltr'>variabiles</span> <span class='ocrx_word' id='word_1_126' title='bbox 3882 2516 4109 2582; x_wconf 90' lang='lat' dir='ltr'>erunt</span> <span class='ocrx_word' id='word_1_127' title='bbox 4176 2507 4477 2583; x_wconf 82' lang='lat' dir='ltr'>fimetio-</span> 
     </span>
     <span class='ocr_line' id='line_1_17' title="bbox 1311 2632 4480 2735; baseline -0.003 -18"><span class='ocrx_word' id='word_1_128' title='bbox 1311 2664 1450 2719; x_wconf 87' lang='lat' dir='ltr'>nes</span> <span class='ocrx_word' id='word_1_129' title='bbox 1519 2640 1846 2715; x_wconf 83' lang='lat' dir='ltr'>duarum</span> <span class='ocrx_word' id='word_1_130' title='bbox 1911 2634 2338 2735; x_wconf 75' lang='lat' dir='ltr'>pluriumve</span> <span class='ocrx_word' id='word_1_131' title='bbox 2405 2632 2923 2723; x_wconf 80' lang='lat' dir='ltr'>variabilium‚</span> <span class='ocrx_word' id='word_1_132' title='bbox 3030 2647 3105 2709; x_wconf 88' lang='lat' dir='ltr'>et</span> <span class='ocrx_word' id='word_1_133' title='bbox 3190 2632 3529 2731; x_wconf 88' lang='lat' dir='ltr'>quolibet</span> <span class='ocrx_word' id='word_1_134' title='bbox 3604 2657 3909 2731; x_wconf 87' lang='lat' dir='ltr'>quoque</span> <span class='ocrx_word' id='word_1_135' title='bbox 3992 2656 4190 2710; x_wconf 83' lang='lat' dir='ltr'>casu</span> <span class='ocrx_word' id='word_1_136' title='bbox 4249 2634 4480 2711; x_wconf 81' lang='lat' dir='ltr'>varia-</span> 
     </span>
     <span class='ocr_line' id='line_1_18' title="bbox 1313 2758 4482 2865; baseline -0.003 -20"><span class='ocrx_word' id='word_1_137' title='bbox 1313 2768 1560 2845; x_wconf 87' lang='lat' dir='ltr'>tiones</span> <span class='ocrx_word' id='word_1_138' title='bbox 1629 2763 1945 2865; x_wconf 86' lang='lat' dir='ltr'>singulis</span> <span class='ocrx_word' id='word_1_139' title='bbox 2012 2760 2336 2837; x_wconf 85' lang='lat' dir='ltr'>tributae</span> <span class='ocrx_word' id='word_1_140' title='bbox 2405 2772 2771 2858; x_wconf 82' lang='lat' dir='ltr'>tanquam</span> <span class='ocrx_word' id='word_1_141' title='bbox 2870 2759 3301 2837; x_wconf 79' lang='lat' dir='ltr'>functiones</span> <span class='ocrx_word' id='word_1_142' title='bbox 3366 2759 3687 2835; x_wconf 85' lang='lat' dir='ltr'>totidem</span> <span class='ocrx_word' id='word_1_143' title='bbox 3752 2758 4236 2839; x_wconf 80' lang='lat' dir='ltr'>variabilium</span> <span class='ocrx_word' id='word_1_144' title='bbox 4297 2774 4482 2837; x_wconf 85' lang='lat' dir='ltr'>trac·</span> 
     </span>
     <span class='ocr_line' id='line_1_19' title="bbox 1322 2884 4481 2990; baseline -0.002 -19"><span class='ocrx_word' id='word_1_145' title='bbox 1322 2894 1474 2973; x_wconf 85' lang='lat' dir='ltr'>tari</span> <span class='ocrx_word' id='word_1_146' title='bbox 1541 2893 1862 2984; x_wconf 88' lang='lat' dir='ltr'>debent,</span> <span class='ocrx_word' id='word_1_147' title='bbox 1929 2887 2300 2990; x_wconf 89' lang='lat' dir='ltr'>siquidem</span> <span class='ocrx_word' id='word_1_148' title='bbox 2365 2890 2568 2964; x_wconf 83' lang='lat' dir='ltr'>hune</span> <span class='ocrx_word' id='word_1_149' title='bbox 2655 2884 3031 2964; x_wconf 88' lang='lat' dir='ltr'>calculum</span> <span class='ocrx_word' id='word_1_150' title='bbox 3095 2885 3667 2990; x_wconf 85' lang='lat' dir='ltr'>generalissime</span> <span class='ocrx_word' id='word_1_151' title='bbox 3731 2889 4094 2989; x_wconf 82' lang='lat' dir='ltr'>expedire</span> <span class='ocrx_word' id='word_1_152' title='bbox 4163 2889 4481 2968; x_wconf 76' lang='lat' dir='ltr'>velimus.</span> 
     </span>
    </p>
   </div>
   <div class='ocr_carea' id='block_1_6' title="bbox 1265 3081 4497 3698">
    <p class='ocr_par' dir='ltr' id='par_1_7' title="bbox 1265 3081 4497 3698">
     <span class='ocr_line' id='line_1_20' title="bbox 2359 3081 3337 3164; baseline 0.002 -4"><span class='ocrx_word' id='word_1_153' title='bbox 2359 3081 2368 3092; x_wconf 83' lang='grc'><strong>’</strong></span> <span class='ocrx_word' id='word_1_154' title='bbox 2500 3081 3113 3161; x_wconf 79' lang='lat' dir='ltr'>Definitio</span> <span class='ocrx_word' id='word_1_155' title='bbox 3256 3091 3337 3164; x_wconf 83' lang='lat'>5.</span> 
     </span>
     <span class='ocr_line' id='line_1_21' title="bbox 1654 3231 4492 3314; baseline -0.002 0"><span class='ocrx_word' id='word_1_156' title='bbox 1654 3241 1797 3314; x_wconf 88' lang='grc'>26.</span> <span class='ocrx_word' id='word_1_157' title='bbox 1936 3233 2306 3308; x_wconf 78' lang='lat' dir='ltr'>Calculus</span> <span class='ocrx_word' id='word_1_158' title='bbox 2389 3235 2951 3309; x_wconf 83' lang='lat' dir='ltr'>variationum</span> <span class='ocrx_word' id='word_1_159' title='bbox 3028 3241 3142 3309; x_wconf 90' lang='lat' dir='ltr'>est</span> <span class='ocrx_word' id='word_1_160' title='bbox 3228 3231 3649 3309; x_wconf 81' lang='lat' dir='ltr'>methodus</span> <span class='ocrx_word' id='word_1_161' title='bbox 3714 3235 4175 3312; x_wconf 84' lang='lat' dir='ltr'>inveniendi</span> <span class='ocrx_word' id='word_1_162' title='bbox 4234 3240 4492 3314; x_wconf 79' lang='lat' dir='ltr'>varia·</span> 
     </span>
     <span class='ocr_line' id='line_1_22' title="bbox 1265 3341 4495 3464; baseline -0.002 -22"><span class='ocrx_word' id='word_1_163' title='bbox 1265 3341 1270 3345; x_wconf 30' lang='lat'>⁵</span> <span class='ocrx_word' id='word_1_164' title='bbox 1327 3374 1663 3457; x_wconf 84' lang='lat' dir='ltr'>tionem,</span> <span class='ocrx_word' id='word_1_165' title='bbox 1749 3385 2014 3463; x_wconf 80' lang='lat' dir='ltr'>quam</span> <span class='ocrx_word' id='word_1_166' title='bbox 2076 3362 2350 3460; x_wconf 79' lang='lat' dir='ltr'>recipit</span> <span class='ocrx_word' id='word_1_167' title='bbox 2417 3364 2823 3458; x_wconf 80' lang='lat' dir='ltr'>expressio</span> <span class='ocrx_word' id='word_1_168' title='bbox 2890 3385 2997 3436; x_wconf 76' lang='lat' dir='ltr'>ex</span> <span class='ocrx_word' id='word_1_169' title='bbox 3065 3368 3572 3464; x_wconf 75' lang='lat' dir='ltr'>quotcunque</span> <span class='ocrx_word' id='word_1_170' title='bbox 3636 3361 4165 3439; x_wconf 80' lang='lat' dir='ltr'>variabilibus</span> <span class='ocrx_word' id='word_1_171' title='bbox 4232 3371 4495 3440; x_wconf 84' lang='lat' dir='ltr'>utcun-</span> 
     </span>
     <span class='ocr_line' id='line_1_23' title="bbox 1327 3485 4497 3598; baseline -0.002 -26"><span class='ocrx_word' id='word_1_172' title='bbox 1327 3519 1477 3598; x_wconf 87' lang='lat' dir='ltr'>que</span> <span class='ocrx_word' id='word_1_173' title='bbox 1537 3493 1928 3590; x_wconf 80' lang='lat' dir='ltr'>conflata‚</span> <span class='ocrx_word' id='word_1_174' title='bbox 1998 3485 2195 3563; x_wconf 82' lang='lat' dir='ltr'>dum</span> <span class='ocrx_word' id='word_1_175' title='bbox 2258 3486 2783 3564; x_wconf 82' lang='lat' dir='ltr'>variabilibus</span> <span class='ocrx_word' id='word_1_176' title='bbox 2856 3490 2977 3568; x_wconf 84' lang='lat' dir='ltr'>vel</span> <span class='ocrx_word' id='word_1_177' title='bbox 3036 3489 3406 3567; x_wconf 84' lang='lat' dir='ltr'>omnibus</span> <span class='ocrx_word' id='word_1_178' title='bbox 3464 3489 3595 3566; x_wconf 86' lang='lat' dir='ltr'>vel</span> <span class='ocrx_word' id='word_1_179' title='bbox 3652 3489 4054 3593; x_wconf 81' lang='lat' dir='ltr'>aliquibus</span> <span class='ocrx_word' id='word_1_180' title='bbox 4116 3493 4497 3569; x_wconf 83' lang='lat' dir='ltr'>variatio·</span> 
     </span>
     <span class='ocr_line' id='line_1_24' title="bbox 1327 3618 2016 3698; baseline -0.006 0"><span class='ocrx_word' id='word_1_181' title='bbox 1327 3647 1464 3698; x_wconf 86' lang='lat' dir='ltr'>nes</span> <span class='ocrx_word' id='word_1_182' title='bbox 1527 3618 2016 3695; x_wconf 80' lang='lat' dir='ltr'>tribuantur.</span> 
     </span>
    </p>
   </div>
   <div class='ocr_carea' id='block_1_7' title="bbox 1335 3793 4512 4424">
    <p class='ocr_par' dir='ltr' id='par_1_8' title="bbox 2550 3793 3281 3891">
     <span class='ocr_line' id='line_1_25' title="bbox 2550 3793 3281 3891; baseline 0.003 -23"><span class='ocrx_word' id='word_1_183' title='bbox 2550 3793 2618 3868; x_wconf 89' lang='lat' dir='ltr'>E</span> <span class='ocrx_word' id='word_1_184' title='bbox 2658 3817 2705 3866; x_wconf 80' lang='lat' dir='ltr'><strong>x</strong></span> <span class='ocrx_word' id='word_1_185' title='bbox 2735 3817 2787 3891; x_wconf 91' lang='lat' dir='ltr'>p</span> <span class='ocrx_word' id='word_1_186' title='bbox 2825 3793 2899 3869; x_wconf 90' lang='lat' dir='ltr'>li</span> <span class='ocrx_word' id='word_1_187' title='bbox 2934 3819 2977 3871; x_wconf 86' lang='lat' dir='ltr'>e</span> <span class='ocrx_word' id='word_1_188' title='bbox 3010 3819 3057 3868; x_wconf 83' lang='lat' dir='ltr'>a</span> <span class='ocrx_word' id='word_1_189' title='bbox 3085 3807 3116 3870; x_wconf 96' lang='lat' dir='ltr'>t</span> <span class='ocrx_word' id='word_1_190' title='bbox 3150 3796 3171 3870; x_wconf 92' lang='lat' dir='ltr'>i</span> <span class='ocrx_word' id='word_1_191' title='bbox 3210 3821 3281 3870; x_wconf 91' lang='lat' dir='ltr'>o.</span> 
     </span>
    </p>

    <p class='ocr_par' dir='ltr' id='par_1_9' title="bbox 1335 3939 4512 4424">
     <span class='ocr_line' id='line_1_26' title="bbox 1667 3939 4507 4050; baseline 0 -34"><span class='ocrx_word' id='word_1_192' title='bbox 1667 3947 1811 4023; x_wconf 86' lang='grc'>27.</span> <span class='ocrx_word' id='word_1_193' title='bbox 1945 3939 2037 4015; x_wconf 81' lang='lat' dir='ltr'>l&#39;n</span> <span class='ocrx_word' id='word_1_194' title='bbox 2117 3943 2266 4050; x_wconf 83' lang='lat' dir='ltr'>hac</span> <span class='ocrx_word' id='word_1_195' title='bbox 2357 3939 2802 4016; x_wconf 87' lang='lat' dir='ltr'>definitione</span> <span class='ocrx_word' id='word_1_196' title='bbox 2890 3941 3099 4018; x_wconf 85' lang='lat' dir='ltr'>nulla</span> <span class='ocrx_word' id='word_1_197' title='bbox 3184 3945 3275 4017; x_wconf 81' lang='lat' dir='ltr'>fit</span> <span class='ocrx_word' id='word_1_198' title='bbox 3368 3939 3648 4019; x_wconf 88' lang='lat' dir='ltr'>mentio</span> <span class='ocrx_word' id='word_1_199' title='bbox 3742 3945 4133 4021; x_wconf 87' lang='lat' dir='ltr'>relationis</span> <span class='ocrx_word' id='word_1_200' title='bbox 4166 3997 4189 4034; x_wconf 78' lang='grc'><em>,</em></span> <span class='ocrx_word' id='word_1_201' title='bbox 4288 3965 4507 4042; x_wconf 88' lang='lat' dir='ltr'>quam</span> 
     </span>
     <span class='ocr_line' id='line_1_27' title="bbox 1335 4065 4507 4162; baseline -0.002 -12"><span class='ocrx_word' id='word_1_202' title='bbox 1335 4077 1716 4150; x_wconf 87' lang='lat' dir='ltr'>hactenus</span> <span class='ocrx_word' id='word_1_203' title='bbox 1794 4066 1996 4146; x_wconf 87' lang='lat' dir='ltr'>inter</span> <span class='ocrx_word' id='word_1_204' title='bbox 2074 4065 2487 4145; x_wconf 84' lang='lat' dir='ltr'>variabiles</span> <span class='ocrx_word' id='word_1_205' title='bbox 2561 4067 2731 4143; x_wconf 90' lang='lat' dir='ltr'>dari</span> <span class='ocrx_word' id='word_1_206' title='bbox 2816 4068 3305 4147; x_wconf 85' lang='lat' dir='ltr'>assumsimus</span> <span class='ocrx_word' id='word_1_207' title='bbox 3338 4127 3363 4162; x_wconf 81' lang='lat'>‚</span> <span class='ocrx_word' id='word_1_208' title='bbox 3462 4093 3639 4147; x_wconf 80' lang='lat' dir='ltr'>oum</span> <span class='ocrx_word' id='word_1_209' title='bbox 3709 4071 3911 4147; x_wconf 86' lang='lat' dir='ltr'>enim</span> <span class='ocrx_word' id='word_1_210' title='bbox 3986 4071 4111 4147; x_wconf 88' lang='lat' dir='ltr'>hie</span> <span class='ocrx_word' id='word_1_211' title='bbox 4176 4070 4507 4148; x_wconf 82' lang='lat' dir='ltr'>calculus</span> 
     </span>
     <span class='ocr_line' id='line_1_28' title="bbox 1344 4173 4509 4301; baseline -0.001 -25"><span class='ocrx_word' id='word_1_212' title='bbox 1344 4173 1826 4301; x_wconf 80' lang='lat' dir='ltr'>potissimum</span> <span class='ocrx_word' id='word_1_213' title='bbox 1909 4194 1990 4271; x_wconf 88' lang='lat' dir='ltr'>in</span> <span class='ocrx_word' id='word_1_214' title='bbox 2072 4197 2222 4272; x_wconf 84' lang='lat' dir='ltr'>hac</span> <span class='ocrx_word' id='word_1_215' title='bbox 2299 4194 2475 4295; x_wconf 82' lang='lat' dir='ltr'>ipsa</span> <span class='ocrx_word' id='word_1_216' title='bbox 2538 4195 2915 4274; x_wconf 84' lang='lat' dir='ltr'>relatione</span> <span class='ocrx_word' id='word_1_217' title='bbox 2978 4197 3516 4298; x_wconf 59' lang='lat' dir='ltr'>investiganda</span> <span class='ocrx_word' id='word_1_218' title='bbox 3592 4198 3689 4274; x_wconf 88' lang='lat' dir='ltr'>sit</span> <span class='ocrx_word' id='word_1_219' title='bbox 3753 4207 4173 4298; x_wconf 80' lang='lat' dir='ltr'>occupatus</span> <span class='ocrx_word' id='word_1_220' title='bbox 4204 4257 4227 4291; x_wconf 88' lang='lat'>‚</span> <span class='ocrx_word' id='word_1_221' title='bbox 4320 4219 4509 4296; x_wconf 85' lang='lat' dir='ltr'>quae</span> 
     </span>
     <span class='ocr_line' id='line_1_29' title="bbox 1347 4319 4512 4424; baseline -0.002 -20"><span class='ocrx_word' id='word_1_222' title='bbox 1347 4327 1639 4404; x_wconf 86' lang='lat' dir='ltr'>scilicet</span> <span class='ocrx_word' id='word_1_223' title='bbox 1717 4320 2026 4398; x_wconf 81' lang='lat' dir='ltr'>maximi</span> <span class='ocrx_word' id='word_1_224' title='bbox 2103 4319 2495 4400; x_wconf 83' lang='lat' dir='ltr'>minimive</span> <span class='ocrx_word' id='word_1_225' title='bbox 2558 4323 3031 4424; x_wconf 88' lang='lat' dir='ltr'>proprietate</span> <span class='ocrx_word' id='word_1_226' title='bbox 3110 4322 3209 4400; x_wconf 86' lang='lat' dir='ltr'>sit</span> <span class='ocrx_word' id='word_1_227' title='bbox 3271 4324 3621 4424; x_wconf 85' lang='lat' dir='ltr'>praedita</span> <span class='ocrx_word' id='word_1_228' title='bbox 3653 4386 3674 4418; x_wconf 89' lang='lat'>,</span> <span class='ocrx_word' id='word_1_229' title='bbox 3772 4325 4135 4424; x_wconf 84' lang='lat' dir='ltr'>quamdiu</span> <span class='ocrx_word' id='word_1_230' title='bbox 4214 4349 4309 4402; x_wconf 90' lang='lat' dir='ltr'>ea</span> <span class='ocrx_word' id='word_1_231' title='bbox 4382 4326 4512 4400; x_wconf 85' lang='lat' dir='ltr'>ad·</span> 
     </span>
    </p>
   </div>
   <div class='ocr_carea' id='block_1_8' title="bbox 1337 4448 4514 4682">
    <p class='ocr_par' dir='ltr' id='par_1_10' title="bbox 1337 4448 4514 4682">
     <span class='ocr_line' id='line_1_30' title="bbox 1337 4448 4514 4552; baseline 0 -24"><span class='ocrx_word' id='word_1_232' title='bbox 1337 4457 1484 4530; x_wconf 86' lang='lat' dir='ltr'>huc</span> <span class='ocrx_word' id='word_1_233' title='bbox 1549 4464 1670 4528; x_wconf 87' lang='lat' dir='ltr'>est</span> <span class='ocrx_word' id='word_1_234' title='bbox 1737 4448 2176 4550; x_wconf 82' lang='lat' dir='ltr'>incognita,</span> <span class='ocrx_word' id='word_1_235' title='bbox 2258 4451 2428 4552; x_wconf 87' lang='lat' dir='ltr'>ejus</span> <span class='ocrx_word' id='word_1_236' title='bbox 2494 4452 2873 4528; x_wconf 85' lang='lat' dir='ltr'>rationem</span> <span class='ocrx_word' id='word_1_237' title='bbox 2938 4450 3017 4526; x_wconf 87' lang='lat' dir='ltr'>in</span> <span class='ocrx_word' id='word_1_238' title='bbox 3080 4449 3375 4528; x_wconf 86' lang='lat' dir='ltr'>calculo</span> <span class='ocrx_word' id='word_1_239' title='bbox 3441 4451 3889 4552; x_wconf 86' lang='lat' dir='ltr'>neutiquam</span> <span class='ocrx_word' id='word_1_240' title='bbox 3956 4455 4245 4530; x_wconf 80' lang='lat' dir='ltr'>habere</span> <span class='ocrx_word' id='word_1_241' title='bbox 4311 4451 4514 4545; x_wconf 87' lang='lat' dir='ltr'>licet,</span> 
     </span>
     <span class='ocr_line' id='line_1_31' title="bbox 1347 4573 4513 4682; baseline -0 -25"><span class='ocrx_word' id='word_1_242' title='bbox 1347 4581 1484 4658; x_wconf 89' lang='lat' dir='ltr'>sed</span> <span class='ocrx_word' id='word_1_243' title='bbox 1563 4573 1818 4679; x_wconf 86' lang='lat' dir='ltr'>potius</span> <span class='ocrx_word' id='word_1_244' title='bbox 1876 4599 2074 4652; x_wconf 69' lang='lat' dir='ltr'>¹eum</span> <span class='ocrx_word' id='word_1_245' title='bbox 2153 4575 2262 4654; x_wconf 87' lang='lat' dir='ltr'>ita</span> <span class='ocrx_word' id='word_1_246' title='bbox 2349 4576 2673 4659; x_wconf 82' lang='lat' dir='ltr'>tractari</span> <span class='ocrx_word' id='word_1_247' title='bbox 2743 4577 3151 4675; x_wconf 74' lang='lat' dir='ltr'>convenit,</span> <span class='ocrx_word' id='word_1_248' title='bbox 3252 4581 3473 4680; x_wconf 86' lang='lat' dir='ltr'>quasi</span> <span class='ocrx_word' id='word_1_249' title='bbox 3542 4580 3947 4658; x_wconf 76' lang='lat' dir='ltr'>variabiles</span> <span class='ocrx_word' id='word_1_250' title='bbox 4026 4581 4222 4658; x_wconf 89' lang='lat' dir='ltr'>nulla</span> <span class='ocrx_word' id='word_1_251' title='bbox 4291 4581 4513 4682; x_wconf 85' lang='lat' dir='ltr'>plane</span> 
     </span>
    </p>
   </div>
   <div class='ocr_carea' id='block_1_9' title="bbox 4726 1043 4757 2924">
    <p class='ocr_par' dir='ltr' id='par_1_11' title="bbox 4726 1043 4757 2924">
     <span class='ocr_line' id='line_1_32' title="bbox 4726 1043 4757 2924; baseline 0 0"><span class='ocrx_word' id='word_1_252' title='bbox 4726 1043 4757 2924; x_wconf 95' lang='lat' dir='ltr'> </span> 
     </span>
    </p>
   </div>
  </div>
 </body>
</html>
