4861 5775
1674 475 2145 559 CAPUT
2272 475 2335 554 1.
3301 492 3522 570 393‘

440 675 809 755 relatione
875 673 1077 753 inter
1142 695 1227 752 se
1294 686 1557 754 essent
1621 697 2045 754 connexae.
2164 674 2568 780 calculum
2633 673 2858 778 igitur
2923 677 3026 753 ita
3095 678 3361 758 instrui
3427 706 3619 761 con·

438 805 690 894 venit,
754 815 842 880 ut
897 804 963 880 si
1028 802 1345 904 singulis
1408 803 1945 899 variabilibus,
2012 828 2211 902 quae
2276 804 2355 882 in
2420 803 2798 882 calculum
2864 803 3417 906 ingrediuntur,
3481 834 3621 886 va·

440 931 804 1010 riationes
870 928 1305 1012 tribuantur
1375 953 1875 1030 quaeeunque
1916 987 1937 1024 ‚
2007 929 2257 1009 omnis
2324 931 2631 1034 generis
2701 931 3281 1031 expressionum
3315 993 3338 1028 ,
3421 962 3621 1036 quae

439 1079 826 1158 utcunque
894 1082 989 1136 ex
1052 1057 1145 1136 iis
1210 1057 1491 1135 suerint
1554 1057 1941 1134 conflatae
1973 1114 1996 1152 ‚
2094 1057 2564 1136 variationes
2629 1057 2805 1134 inde
2873 1059 3246 1139 oriundae
3311 1065 3624 1143 investi·

445 1187 609 1290 gari
694 1185 1125 1264 doceantur
1158 1243 1181 1282 ‚
1286 1185 1555 1288 quibus
1647 1185 1724 1260 in
1824 1207 2111 1286 genere
2195 1185 2522 1262 inventis
2612 1200 2776 1261 tum
2863 1187 3166 1264 demum
3251 1191 3623 1292 ejusmodi

444 1313 929 1414 quaestiones
992 1314 1471 1391 evolvendae
1538 1325 2000 1404 occurrunt‚
2066 1313 2371 1412 qualem
2437 1311 2884 1390 relationem
2951 1314 3152 1392 inter
3215 1318 3624 1398 variabiles

448 1441 673 1520 statui
742 1453 1141 1542 oporteat,
1214 1455 1297 1517 ut
1360 1439 1689 1517 variatio
1756 1439 1880 1514 illa
1950 1439 2261 1517 inventa
2328 1439 2427 1519 sit
2493 1440 2615 1518 vel
2683 1441 2926 1536 nulla,
2999 1444 3104 1520 uti
3171 1444 3248 1520 in
3315 1445 3625 1526 investi·

451 1571 755 1672 gatione
818 1569 1329 1650 maximorum
1398 1591 1539 1646 seu
1602 1567 2089 1644 minimorum
2166 1591 2311 1646 usu
2384 1567 2597 1644 venit
2631 1627 2653 1658 ‚
2749 1569 2874 1644 vel
2942 1570 3088 1645 alio
3155 1585 3386 1649 certo·
3439 1602 3634 1674 quo·

452 1701 631 1774 dam
696 1699 935 1776 modo
1006 1696 1103 1774 sit
1168 1709 1645 1796 comparata,
1711 1705 1946 1794 prout
2008 1706 2290 1771 natura
2352 1695 2883 1795 quaestionum
2953 1699 3317 1800 exegerit.
3450 1703 3630 1780 Hoc

452 1828 682 1903 modo
754 1826 817 1904 si
882 1823 1095 1902 istius
1161 1823 1435 1900 calculi
1498 1835 1919 1924 praecepta
1988 1819 2430 1913 tradantur,
2495 1823 2677 1896 nihil
2745 1822 3101 1922 impedit,
3167 1851 3318 1924 quo
3385 1828 3633 1908 minus

452 1954 681 2030 etiam
747 1951 1119 2056 e'Jusmodi
1184 1951 1675 2051 quaestiones
1742 1961 2195 2042 tractentur,
2260 1949 2338 2024 in
2404 1949 2675 2047 quibus
2741 1949 2996 2027 statim
3061 1952 3333 2030 relatio
3401 1979 3634 2054 quae-

454 2083 631 2158 dam
712 2081 913 2157 inter
994 2079 1403 2157 variabiles
1490 2093 1852 2178 tanquam
1936 2078 2119 2152 data
2220 2076 2627 2152 assumitur
2709 2102 2802 2154 ac
2888 2091 3150 2155 certae
3240 2081 3636 2182 cujusdam

456 2207 977 2311 expressionis
1079 2233 1174 2283 ex
1263 2207 1354 2285 iis
1435 2207 1811 2282 formatae
1892 2202 2215 2280 variatio
2310 2227 2405 2278 ex
2503 2201 2983 2281 variabilium
3081 2207 3634 2289 variationibus

456 2351 639 2414 nata
705 2335 1209 2414 desideratur.
1336 2333 1458 2412 Ex
1524 2357 1677 2434 quo
1744 2329 2242 2434 intelligitur,
2322 2333 2471 2407 huc
2539 2331 2914 2408 calculum
2981 2333 3075 2408 ad
3147 2334 3636 2432 quaestiones

460 2463 827 2566 plurimas
898 2461 1391 2540 diversissimi
1458 2460 1763 2564 generis
1832 2458 2335 2537 accomodari
2398 2482 2661 2558 posse.

1494 2716 2313 2798 Corollarium
2461 2724 2536 2798 1.

794 2934 935 3006 28.
1070 2920 1595 3021 Quaestiones
1678 2946 1865 3023 ergo
1955 2920 2033 2996 in
2117 2920 2268 2997 hoc
2349 2914 2648 2995 calculo
2747 2916 3200 2999 tractandae
3296 2927 3444 3003 huc
3518 2951 3645 3007 re·

465 3058 752 3148 deant,
850 3068 935 3131 ut
1012 3051 1420 3155 proposita
1504 3052 2001 3151 expressione
2076 3068 2537 3146 quacunque
2635 3066 2730 3118 ex
2821 3057 3312 3148 quotcunque
3390 3052 3648 3131 varia..

466 3184 739 3261 bilibus
804 3192 1189 3280 utcunque
1254 3182 1591 3256 conflata
1628 3235 1649 3271 ‚
1740 3178 1904 3281 ejus
1970 3174 2526 3253 incrementum
2612 3169 3020 3249 definiatur
3053 3235 3074 3268 ‚
3179 3177 3244 3255 si
3307 3179 3652 3285 singulae

471 3310 879 3389 variabiles
945 3309 1101 3387 suis
1168 3306 1711 3384 variationibus
1776 3316 2227 3407 augeantur.

1542 3504 2357 3627 Corollarium
2495 3557 2576 3622 2.

804 3739 953 3811 29.
1086 3722 1357 3804 Similis
1438 3722 1665 3827 igitur
1746 3720 2057 3800 omnino
2136 3735 2255 3799 est
2338 3720 2680 3799 calculus
2767 3722 3274 3801 variationum
3357 3726 3656 3808 calculo

476 3855 961 3937 differentiali
995 3914 1017 3947 ‚
1114 3855 1295 3931 dum
1378 3852 1454 3929 in
1520 3866 1845 3950 utroque
1928 3848 2423 3927 variabilibus
2501 3850 2974 3928 incrementa
3053 3852 3343 3931 infinite
3411 3879 3660 3955 parva

477 3988 936 4065 tribuuntur.
1070 3982 1471 4077 Quatenus
1546 3992 1808 4056 autem
1904 3978 2009 4055 uti
2084 3980 2247 4081 jam
2333 3977 2912 4057 observavimus
2944 4036 2968 4071 ‚
3063 3981 3532 4061 variationes
3613 4012 3662 4061 a

476 4110 1111 4191 differentialibus
1174 4109 1643 4211 discrepant,
1716 4108 2065 4207 adeoque
2130 4106 2349 4183 simul
2418 4130 2597 4182 cum
2669 4106 2758 4183 iis
2826 4106 3248 4187 consistere
3317 4128 3661 4212 possunt,

478 4260 797 4320 eatenus
850 4262 1223 4317 summum
1278 4236 1687 4315 discrimen
1734 4236 1934 4312 inter
1977 4248 2384 4335 utrumque
2441 4234 2826 4311 calculum
2895 4247 3011 4312 est
3058 4242 3658 4339 agnoscendum.

1773 4450 2369 4529 Scholion.

812 4649 957 4713 3ο.
1058 4638 1207 4711 ‘Ex
1278 4632 1939 4713 observationibus
2009 4611 2243 4736 supra
2310 4633 2556 4711 allatis
2643 4622 3052 4710 discrimen
3123 4638 3268 4711 hoc
3335 4634 3664 4713 maxime

614 4764 781 4843 Vol.
850 4764 994 4843 ΙΙΙ.
2905 4768 3016 4840 50
