4861 5775
1641 454 2096 539 capu-rr
2217 457 2327 535 -Π,
2484 558 2495 563 ,
3272 475 3447 551 345

412 696 640 751 unam
706 694 880 755 cum
945 670 1116 773 ipsa
1183 671 1564 751 functione
1631 690 1714 762 u,
1779 664 2045 771 sicque
2107 670 2212 747 ad
2276 692 2545 753 casum
2608 674 2833 780 hujus
2894 678 3390 783 problematis
3438 681 3585 761 erit

408 800 854 893 referenda,
907 820 1014 876 ex
1077 792 1296 903 cujus
1355 794 1828 880 resolutione
1892 794 1958 877 si
2018 795 2398 900 prodierit

961 942 1202 1035 3⁹4*
1229 975 1278 1027 v

410 1053 462 1103 u
497 1048 619 1107 :z
655 1026 704 1103 S
736 1044 864 1104 :¹:⁹-
957 943 1390 1196 ὃθμόῧν),

407 1252 782 1331 exlatente
853 1252 1020 1355 jam
1105 1251 1152 1327 S
1234 1250 1621 1329 functione
1705 1246 2016 1350 cognita
2033 1305 2070 1366 ,·
2149 1248 2634 1357 investigatIo
2718 1255 2957 1357 ipsius
3042 1258 3455 1337 functionis
3538 1288 3587 1342 v

398 1384 568 1482 jam
631 1376 844 1456 nulla
907 1376 1234 1480 amplius
1301 1378 1602 1455 laborat
1666 1374 2138 1453 difficultate.
2275 1381 2535 1457 Datur
2598 1395 2855 1459 autem
2918 1394 3332 1483 praeterea
3398 1389 3586 1468 alius

409 1526 640 1585 casus
705 1502 805 1581 ad
873 1502 1042 1582 libri
1107 1502 1211 1580 11.
1297 1514 1601 1604 partem
1683 1500 2030 1603 priorem
2107 1500 2582 1599 reducibilis,
2674 1532 2901 1609 quern
2990 1515 3335 1611 sequenti
3404 1540 3587 1615 pro-

405 1634 743 1712 blemate
808 1652 976 1711 sum
1043 1629 1555 1734 expediturus.

1537 1859 2168 1989 Problema
2302 1917 2448 1993 78.

710 2094 955 2169 465.
1089 2090 1161 2168 Si
1233 2090 1308 2167 in
1376 2090 1824 2168 relationem
1903 2088 2439 2189 propositam,
2540 2114 2634 2197 ex
2715 2116 2869 2193 qua
2947 2096 3176 2175 trium
3256 2100 3585 2179 variabi-

399 2219 596 2295 lium
642 2240 750 2307 τε,
811 2240 893 2317 y,
960 2242 1014 2294 z
1077 2218 1544 2296 functionem
1605 2239 1656 2291 v
1719 2214 2016 2291 definiri
2084 2226 2428 2315 oportet,
2522 2218 2718 2296 aliae
2786 2222 3157 2302 formulae
3224 2225 3588 2305 differen-

399 2344 638 2420 tiales
702 2367 862 2421 non
926 2343 1494 2445 ingrediuntur,
1593 2340 1738 2419 nisi
1820 2364 2018 2441 quae
2102 2366 2195 2416 ex
2273 2336 2781 2423 variabilitate
2844 2347 3193 2425 binarum
3259 2376 3325 2425 a:
3390 2364 3467 2427 et
3530 2374 3591 2451 y

401 2484 708 2547 tantum
775 2484 1238 2569 naseuntur,
1337 2468 1564 2550 tertio
1649 2468 2030 2545 elemento
2097 2459 2150 2549 ὃ
2184 2491 2236 2544 z
2298 2468 2607 2571 penitus
2672 2473 3028 2567 excluso,
3122 2474 3589 2554 functionem

403 2622 456 2671 v
525 2596 1016 2703 investigare.

1665 2877 2358 2956 Solutio.

747 3057 1128 3150 Quoniam
1192 3059 1268 3134 in
1337 3057 1872 3158 aequationem
1932 3058 2517 3150 resolvendam,
2610 3081 2766 3158 qua
2838 3059 3111 3140 relatio
3196 3062 3593 3162 proposita

412 3181 894 3276 continetur,
985 3183 1372 3282 quantitas
1438 3207 1494 3259 z
1555 3207 1714 3261 uon
1777 3195 1864 3260 ut
1921 3183 2308 3262 variabilis
2369 3183 2835 3286 ingreditur,
2926 3197 3413 3286 quotcunque
3478 3188 3593 3265 in·

409 3309 898 3413 tegrationes
963 3308 1249 3389 suerint
1277 3365 1282 3371 -
1309 3308 1856 3404 instituendae,
1917 3310 1998 3388 in
2059 3308 2152 3388 iis
2214 3310 2324 3388 ita
2385 3311 2807 3418 quantitas·
2833 3335 2893 3412 y
2958 3334 3325 3412 tanquam
3388 3326 3595 3394 esset

414 3457 794 3528 constans
857 3436 1178 3514 tractari
1241 3437 1496 3516 debet.
1653 3435 1908 3539 Hujus
1983 3461 2175 3537 ergo
2239 3436 2731 3535 ..aequationis
2812 3439 3181 3518 resolutio
3246 3439 3349 3517 ad
3410 3463 3594 3539 par·

415 3583 586 3643 tem
649 3561 1250 3662 praecedentem
1313 3575 1434 3640 est
1494 3561 1943 3654 referenda,
2041 3582 2220 3640 cum
2301 3560 2593 3639 functio
2666 3563 3027 3640 binarum
3100 3574 3395 3642 tantum
3458 3587 3597 3642 va-

413 3687 805 3768 riabilium
882 3715 948 3768 α.-
983 3779 988 3784 ,
1025 3700 1108 3766 et
1187 3707 1250 3787 y
1326 3711 1424 3768 ex
1505 3687 2007 3764 formularum
2086 3685 2705 3767 differentialium
2784 3689 3159 3768 relatione
3232 3691 3415 3768 data
3496 3675 3597 3770 sit

416 3815 1000 3916 investiganda3
1096 3811 1380 3920 quodsi,
1452 3813 1711 3912 itaque
1789 3814 2186 3917 negotium
2263 3815 2723 3894 successerit
2784 3828 2865 3892 et
2930 3815 3303 3918 integrale
3370 3815 3600 3901 fuerit

417 3945 819 4021 inventum
839 3997 863 4037 ,
961 3941 1039 4017 in
1102 3965 1200 4020 eo
1263 3940 1580 4019 totidem
1645 3962 2056 4020 occurrent
2118 3940 2549 4025 functiones
2632 3941 3083 4018 arbitrariae
3162 3941 3384 4018 unius
3447 3966 3595 4019 -va-

419 4066 720 4152 tiabilis
799 4079 1016 4146 certo
1082 4057 1319 4145 'modo
1383 4093 1478 4145 ex
1543 4093 1608 4142 x
1675 4079 1754 4144 et
1813 4092 1872 4168 y
1937 4067 2356 4162 conflatae,
2438 4080 2623 4166 quot
2684 4065 3314 4171 integrationibus
3380 4067 3608 4146 suerit

429 4219 658 4299 opus.
823 4193 930 4276 Sit
995 4195 1066 4275 Γ
1101 4219 1121 4271 :
1157 4203 1190 4270 t
1255 4195 1683 4296 hujusmodi
1743 4195 2071 4288 functio,
2157 4191 2288 4271 ubi
2353 4202 2386 4270 t
2450 4217 2599 4294 per
2656 4217 2723 4268 x
2785 4207 2868 4272 et
2926 4215 2987 4293 y
3050 4192 3223 4270 dari
3282 4193 3603 4272 assumi-

427 4337 600 4401 tur:
701 4345 795 4398 ac·
859 4345 1064 4399 nune
1137 4333 1221 4399 ut
1292 4320 1444 4397 ista
1507 4321 1784 4399 solutio
1853 4325 1954 4399 ad
2017 4343 2392 4420 praesens
2462 4320 2882 4398 institutum
2952 4319 3601 4411 accommodetur,

429 4449 566 4527 ubi
646 4448 1032 4548 quantitas
1115 4473 1170 4526 z
1247 4445 1736 4525 variabilibus
1825 4461 2410 4542 annumeratur,
2520 4447 2699 4525 loco
2768 4445 3131 4551 cujusque
3198 4444 3607 4524 functionis

439 4575 900 4654 arbitrariae
969 4575 1087 4654 P:
1131 4583 1164 4651 t
1225 4574 1610 4652 scribatur
1675 4574 1808 4652 hic'
1866 4573 1982 4653 F:
2024 4581 2094 4665 (t
2157 4586 2236 4649 et
2298 4584 2434 4668 z),
2539 4573 2829 4666 functio
2915 4573 3206 4653 scilicet
3282 4571 3601 4650 duarum

435 4701 958 4797 variabilium,
1024 4703 1285 4806 sicque
1351 4698 1753 4782 habebitur
1815 4701 2190 4804 integrale
2255 4701 2737 4804 completum.

574 4830 742 4904 Vol.
813 4829 955 4906 ΙΙΙ.
3059 4837 3170 4907 44
