4861 5775
1210 450 1219 458 ’
1340 451 1521 530 394
2487 437 2938 518 CAPUT
3071 439 3136 514 Ι.

1212 641 1301 718 fit
1364 635 1888 740 manifestum,
1955 638 2083 716 ubi
2150 637 2351 714 enim
2418 639 2758 716 calculus
2825 637 3166 718 refertur
3227 637 3327 712 ad
3391 634 3672 714 lineam
3739 657 4098 732 curvam,
4163 657 4398 734 quam

1217 792 1397 846 cum
1464 765 1614 842 alia
1682 763 1823 844 sibi
1889 764 2245 865 proxima
2290 765 2736 865 comparari
2803 777 3133 866 oportet,
3207 787 3351 864 per
3397 763 3925 849 differentialia
3995 788 4044 839 a
4107 779 4400 863 puncto

1158 887 1167 899 ’
1216 891 1493 994 quovis
1561 915 1847 970 curvae
1915 895 2013 970 ad
2081 893 2231 970 alia
2294 907 2586 992 puncta
2655 894 2998 994 ejusdem
3067 915 3354 968 curvae
3419 892 3960 993 progredimur
3991 951 4016 984 ‚
4083 893 4399 990 quando

1220 1033 1479 1100 autem
1544 1024 1649 1098 ab
1712 1023 1859 1100 hac
1928 1045 2169 1098 curva
2240 1021 2341 1096 ad
2408 1022 2732 1096 alteram
2800 1020 2940 1096 sibi
3009 1018 3433 1120 proximam
3507 1018 3972 1120 transilimus
4000 1077 4024 1112 ‚
4121 1019 4404 1097 transi·

1222 1163 1347 1226 tus
1414 1162 1791 1247 quatenus
1876 1161 1997 1226 est
2073 1147 2363 1224 infinite
2444 1171 2732 1247 parvus
2761 1205 2784 1239 ,
2879 1148 2963 1223 fit
3043 1168 3184 1243 per
3249 1145 3734 1224 variationes.
3869 1146 4084 1223 Idem
4147 1145 4410 1224 evenit

1222 1277 1304 1354 in
1372 1275 1925 1376 superficiebus
1992 1276 2099 1364 ad·
2160 1275 2347 1352 alias
2421 1274 2568 1350 sibi
2645 1273 3041 1372 proximas
3121 1273 3384 1350 relatis
3413 1333 3438 1368 ,
3527 1273 3656 1353 ubi
3725 1272 4262 1366 differentiali‘a
4323 1273 4409 1350 in

1222 1404 1495 1482 eadem
1572 1402 1976 1503 superficie
2042 1400 2603 1502 concipiuntur,
2668 1398 3222 1480 variationibus
3295 1423 3485 1478 vero
3553 1405 3656 1490 ab
3717 1425 3872 1479 una
3935 1401 4016 1478 in
4079 1403 4406 1480 altera-m

1222 1529 1666 1608 transilitur.
1805 1531 2102 1608 Eadem
2168 1528 2482 1607 omnino
2567 1539 2691 1606 est.
2753 1529 2953 1606 ratio
2987 1585 3018 1622 ,
3113 1528 3180 1606 si
3241 1551 3376 1608 res
3431 1528 3810 1631 analytice
3877 1530 4408 1608 consideretur

1223 1656 1389 1765 sine
1468 1657 1625 1734 ullo
1706 1667 2071 1758 respectu
2154 1659 2255 1732 ad
2340 1659 2629 1758 figuras
2697 1656 3270 1756 geometricas,
3358 1657 3488 1733 ubi
3564 1677 3869 1757 semper
3937 1657 4412 1736 variationes

1230 1780 1741 1882 quantitatem
1805 1784 2285 1862 variabilium
2354 1809 2400 1860 a
2467 1785 2622 1862 suis
2667 1784 3293 1862 differentialibus
3358 1783 3682 1862 sollicite
3751 1784 4110 1885 distingui
4173 1805 4410 1884 opor-

1224 1923 1360 2006 tet,
1426 1936 1659 2009 quem
1721 1913 1799 1990 in
1867 1915 2099 1990 finem
2164 1910 2634 1990 variationes
2703 1912 2923 2014 signo
2993 1911 3302 1988 diverso
3374 1911 3697 1991 indicari
3759 1912 4190 1998 conveniet.

2441 2187 3202 2286 Hypothesis.

1560 2343 1709 2441 31.
1845 2338 2409 2416 Variationem
2493 2340 2878 2444 cujusque
2972 2347 3456 2443 quantitatis
3527 2341 3946 2418 variabilis
4023 2347 4292 2422 littera
4367 2334 4420 2426 δ

1236 2459 1487 2537 eidem
1566 2469 2013 2564 quantitati
2084 2470 2481 2569 praefixa
2565 2473 2648 2544 in
2704 2477 3124 2566 posterum
3208 2469 3814 2569 designabimus.
3882 2477 4006 2546 ita
4073 2481 4162 2548 ut
4225 2461 4276 2553 δ
4301 2502 4368 2550 x
4394 2531 4419 2568 ,

1234 2579 1371 2688 331,
1440 2575 1554 2668 δι
1622 2591 2034 2690 desiqnent
2100 2601 2602 2673 variationes
2669 2603 3226 2700 quantitatum
3291 2623 3383 2692 x,
3447 2623 3528 2697 y,
3595 2625 3647 2675 z
3673 2627 3706 2691 ‚·
3800 2623 3899 2675 ac
3963 2605 4037 2675 si
4101 2605 4184 2679 V
4219 2599 4422 2698 fue-

1234 2721 1343 2791 rit
1412 2725 1817 2816 expressio
1886 2745 2407 2826 quaecunque
2478 2751 2582 2802 ex
2665 2731 2764 2801 iis
2833 2729 3228 2826 conflata,
3296 2727 3464 2822 ejus
3528 2733 3887 2806 variatio
3953 2729 4108 2808 hoc
4175 2728 4420 2808 modo

1233 2833 1383 2927 BV
1438 2845 1666 2923 nobis
1731 2845 2240 2928 indicabitur.

2316 3104 3139 3221 Corollarium
3287 3120 3358 3185 1.

1578 3280 1721 3345 32.
1862 3244 2249 3374 Significat
2330 3296 2522 3374 ergo
2607 3260 2736 3353 δεε
2821 3274 3374 3357 incrementum
3449 3280 3634 3356 illud
3700 3280 3985 3361 infinite
4053 3299 4426 3386 parvum,

1243 3417 1395 3493 quo
1464 3396 1852 3497 quantitas
1920 3426 1983 3476 x
2056 3401 2318 3501 augeri
2385 3402 2880 3503 concipitur,
2979 3419 3062 3481 ut
3129 3409 3468 3509 ejusdem
3537 3410 3758 3484 valor
3823 3413 4169 3491 variatus
4237 3438 4426 3513 pro-

1241 3522 1487 3619 deat3
1582 3548 1681 3599 ex
1761 3550 1911 3625 quo
1997 3526 2331 3605 vicissim
2439 3528 2882 3633 intelligitur
2947 3535 3296 3613 valorem
3361 3536 3740 3613 variatum
3819 3538 4056 3640 ipsius
4122 3566 4186 3617 a:
4257 3544 4428 3617 fore

1237 3676 1301 3727 :c
1366 3654 1493 3755 ÷
1557 3636 1738 3773 δω..

2346 3944 3174 4029 .Corollarium
3310 3956 3392 4019 2.

1581 4100 1723 4169 33.
1860 4088 2257 4185 Quatenus
2340 4116 2532 4195 ergo
2617 4094 3010 4193 expressio
3077 4094 3145 4166 V
3227 4114 3318 4169 ex
3388 4090 3877 4171 variabilibus
3945 4114 4048 4179 x,
4111 4108 4182 4185 y·
4233 4104 4312 4167 et
4381 4118 4438 4167 z

1242 4218 1655 4314 conflatur,
1724 4216 1787 4296 si
1854 4242 2119 4297 earum
2184 4219 2361 4297 loco
2429 4220 2867 4299 scribantur
2933 4221 3240 4298 valores
3303 4220 3580 4298 variati

1696 4334 2183 4444 ae÷3x‚
2312 4335 2729 4449 y-l-Ey
2823 4363 2900 4427 et
2997 4334 3458 4440 z-{ss-Ez,

1246 4484 1481 4573 atque
1548 4498 1594 4549 a
1664 4472 2153 4551 valorehoc
2226 4476 2461 4553 modo
2530 4500 2674 4576 pro
2743 4478 2812 4552 V
2877 4476 3298 4553 resultante
3383 4478 3876 4555 subtrahatur
3939 4480 4110 4580 ipsa
4173 4482 4242 4556 V
4307 4506 4438 4560 re-

1242 4598 1543 4677 siduum
1614 4601 1758 4675 erit
1822 4600 2151 4680 variatio
2218 4590 2367 4683 BV..
