4861 5775
2789 1359 2934 1411 DE

1257 1511 2048 1601 mammona
2158 1476 3066 1621 FORMULARUM·
3149 1509 4048 1597 INTEGRALIUM
4163 1514 4464 1623 Tafis

1394 1662 2164 1745 ”umalama-s
2280 1659 3318 1753 INVOLVENTIUM.,
3419 1661 3947 1757 QUARUM
4043 1662 4297 1769 UNA

1642 1813 1791 1897 UT
1884 1808 2442 1896 'ruNcho
2545 1810 3130 1893 BINARUM
3229 1814 4072 1927 RELIQUARUM

2487 1968 3222 2077 sPEcTATUR.

2266 2232 2271 2237 .
2404 2279 3028 2357 Problema-
3169 2290 3308 2361 19.

2759 2500 2965 2575 159.

1264 2674 1839 2821 Fermularum
1906 2703 2391 2805 integralium
2458 2704 2613 2781 liu-e
2679 2702 3232 2803 pertinentium·
3293 2702 4104 2797 traturarn-evolvere·2
4177 2729 4268 2783 ac
4335 2732 4466 2784 ra·

1265 2860 1555 2936 tionem
1622 2874 1779 2952 qua
1842 2872 2115 2930 earum
2176 2851 2650 2936 variationes
2717 2850 3168 2956 investigari
3231 2852 3684 2949 conveniat,
3752 2854 4171 2954 explicare.

2599 3083 3112 3200 Selutim

1600 3257 1797 3334 Cum
1864 3267 2051 3331 tres·
2086 3257 2527 3331 habeantur
2584 3254 3002 3332 variabiles
3062 3281 3164 3352 x,
3232 3277 3290 3354 y
3355 3267 3432 3334 et
3497 3279 3590 3349 z,
3659 3279 3982 3356 quarum
4047 3281 4200 3334 una
4267 3285 4322 3335 z
4385 3271 4471 3338 ut

1273 3385 1559 3465 functio
1640 3384 1995 3460 binarum
2072 3381 2540 3480 reliquarum
2605 3409 2670 3458 a:
2735 3395 2814 3459 et
2875 3402 2932 3482 y
3011 3394 3131 3460 est
3195 3385 3622 3482 spectanda
3663 3445 3684 3479 ,
3783 3385 4078 3464 etiamsi
4145 3387 4223 3462 in
4291 3387 4467 3488 ipsa

1270 3509 1721 3606 variationis
1789 3509 2384 3611 investigatione
2449 3509 2660 3588 ratio·
2720 3512 2940 3612 huJus
3025 3511 3440 3589 functionis
3516 3536 3659 3612 pro
3729 3511 4124 3615 incognita
4195 3517 4467 3593 haberi

1272 3645 1505 3718 debet
1536 3699 1560 3733 ‚
1660 3637 2037 3714 formulae
2102 3635 2522 3739 integrales
2607 3663 2810 3737 quae
2888 3637 2969 3715 in-
3041 3641 3192 3716 hoc
3275 3638 3549 3716 calculi
3634 3663 3925 3740 genere
4003 3665 4466 3740 occurrunt,

1273 3767 1691 3872 plurimum
1742 3763 2191 3864 discrepant
2221 3855 2228 3860 ,
2255 3769 2353 3842 ab
2418 3765 2534 3856 iis,
2604 3789 2806 3863 quae
2873 3771 3080 3842 eirea
3146 3767 3368 3845 bin-as
3433 3778 3738 3844 tantum.
3798 3765 4205 3846 variabiles
4271 3795 4466 3872 pro·

1274 3896 1468 3998 poni
1532 3895 1813 3972 solent.
1950 3891 2625 3987 Quemadmodum
2691 3893 2894 3970 enim
2961 3893 3132 3996 talis
3199 3894 3456 3971 forma
3518 3894 3914 3997 integralis
3961 3891 4257 3995 sifax,
4329 3901 4462 3977 ubi

1273 4025 1347 4098 V
1409 4025 1601 4099 duas
1668 4017 2079 4096 variabiles
2140 4043 2205 4093 x
2272 4037 2349 4097 et
2410 4045 2472 4120 y
2535 4019 2939 4120 implicare
2999 4037 3394 4113 censetur,
3455 4045 3778 4119 quarum
3841 4045 3902 4121 y
3963 4026 4064 4100 ab
4131 4050 4198 4100 x
4263 4051 4464 4126 pen-

1276 4152 1465 4227 dere
1532 4144 1961 4247 concipitur
1990 4205 2015 4238 ,
2111 4148 2335 4248 quasi⁴
2414 4171 2714 4226 summa
2782 4147 3122 4226 omnium
3191 4150 3539 4226 valorum
3625 4151 4206 4230 elementarium
4277 4147 4466 4236 vax

1202 4349 1207 4353 .
1276 4299 1423 4379 per
1516 4297 1793 4352 omnes·
1866 4275 2171 4352 valeres
2252 4277 2492 4375 ipsius
2591 4303 2656 4351 x
2751 4277 3255 4354 collectorum
3351 4277 3829 4355 considerari
3929 4291 4263 4380 potest3
4361 4282 4474 4361 ita

1122 4463 1127 4470 .
1278 4403 1597 4503 quando
1662 4415 1821 4479 tres
1890 4401 2297 4482 variabiles
2361 4427 2466 4494 x,
2531 4425 2589 4502 y
2653 4417 2730 4480 et
2795 4429 2862 4479 z‘
2909 4403 3339 4495 habentur,
3444 4428 3775 4503 quarum
3853 4409 4046 4484 haec
4115 4433 4170 4484 z
4237 4433 4286 4484 a
4351 4411 4466 4488 bi-

1277 4532 1397 4636 nis
1462 4555 1529 4608 a·
1594 4543 1673 4606 et
1735 4552 1793 4628 y
1858 4527 2077 4606 simul
2144 4531 2489 4630 pendere
2557 4528 3014 4632 concipitur,
3082 4529 3489 4634 integralia
3555 4535 3701 4612 huc
3765 4535 4234 4635 pertinentia
4305 4539 4472 4614 col-

1280 4658 1693 4741 lectionem
1788 4656 2127 4737 omnium-
2206 4659 2756 4740 elementorum
2858 4659 2957 4738 ad
3049 4681 3320 4740 omnes
3395 4659 3706 4743 valeres
3795 4676 3955 4742 tam
4034 4661 4274 4765 ipsius
4361 4691 4473 4758 x,
