4861 5775
1344 482 1515 557 468
2449 454 2906 537 CAPUT
3053 452 3150 531 V.

1679 634 4048 799 N-gq-ffl-v-ffiss-l-ff-etm--to
4153 686 4239 743 et

1682 863 1771 953 a
1819 898 1947 925 --·
2008 826 2117 981 ἓέ
2176 867 2301 952 -ε-
2365 822 2528 979 ἒό-ἒ
2599 899 2706 919 -
2777 818 2940 977 {²3³
2999 858 3128 957 -ι-
3193 816 3332 882 ³⁴⁶

1230 1059 1503 1165 quibus
1568 1055 1849 1157 duplex
1914 1048 2185 1129 relatio
2250 1050 2460 1125 inter
2517 1058 2780 1125 ternas
2854 1044 3266 1123 variabiles
3329 1070 3422 1138 x,
3483 1064 3566 1143 y,
3629 1068 3685 1119 z
3761 1041 3870 1119 ita
3937 1039 4416 1143 exprimitur,

1226 1205 1313 1267 ut
1374 1184 1747 1281 deinceps
1810 1192 1971 1257 tam
2032 1200 2091 1281 y
2154 1200 2385 1277 quam
2449 1196 2504 1250 z
2563 1190 2778 1251 recte
2841 1186 3210 1279 tanquam
3271 1170 3564 1249 functio
3627 1168 3868 1271 ipsius
3927 1190 3995 1243 x
4063 1173 4410 1269 spectari

1226 1312 1498 1417 possit.
1630 1308 1965 1405 Quando
2032 1324 2287 1382 autem
2350 1304 2501 1378 hae
2567 1298 3072 1398 aequationes
3133 1308 3310 1375 sunt
3375 1294 3924 1375 differentiales
3999 1293 4226 1395 idque
4291 1301 4410 1375 al-

1164 1452 1169 1455 ’
1222 1440 1445 1519 tioris
1510 1435 1797 1539 gradus
1824 1490 1857 1528 ,
1957 1430 2279 1509 totidem
2360 1426 2714 1527 utrinque
2791 1434 3236 1504 constantes
3317 1422 3770 1502 arbitrariae
3852 1444 4004 1523 per
4063 1426 4406 1527 integra·

1221 1566 1469 1645 tiones
1531 1565 1613 1639 in
1680 1560 2055 1638 calculum
2120 1557 2580 1635 invehuntur
2608 1615 2634 1649 ‚
2715 1552 2926 1653 quoti
2993 1552 3282 1654 gradus
3345 1564 3671 1671 utraque
3735 1548 3986 1657 suerit!
4029 1549 4400 1629 differen-

1218 1690 1443 1771 tialis.
1576 1688 1747 1765 Has
1812 1710 2007 1763 vero
2074 1692 2514 1762 constantes
2577 1679 2946 1781 deinceps
3011 1678 3121 1755 ita
3183 1676 3478 1755 definiri
3545 1688 3852 1777 oportet
3883 1732 3908 1773 ,
3981 1689 4068 1751 ut
4129 1680 4394 1755 condi-

1216 1816 1547 1897 tionibus
1626 1826 1787 1891 tam
1850 1836 1999 1913 pro
2060 1810 2277 1888 initio
2358 1832 2592 1909 quam
2656 1828 2807 1909 pro
2885 1808 3036 1883 fine
3109 1802 3644 1907 integrationis
3707 1802 4078 1881 formulae
4119 1800 4398 1903 sva

1216 1939 1722 2044 praescriptis
1786 1938 2130 2033 satisfiat,
2200 1937 2409 2035 quod
2478 1932 2872 2036 negotium
2937 1956 3034 2009 eo
3101 1932 3339 2024 redit,
3403 1942 3488 2007 ut
3549 1942 3961 2034 praeterea
4025 1931 4394 2014 variatio-

1218 2068 1343 2147 nis
1405 2086 1677 2170 partes
1744 2064 2141 2143 absolutae
2208 2064 2311 2139 ad
2374 2060 2688 2137 nihilum
2751 2058 3225 2161 redigantur.
3347 2058 3602 2135 Primo
3665 2056 3960 2135 scilicet
4021 2070 4393 2139 constans

1215 2196 1327 2273 ita
1405 2192 1705 2272 definiri
1775 2192 2065 2285 debet,
2162 2178 2249 2268 ut
2315 2185 2882 2265 conditionibus
2947 2210 3094 2286 pto
3173 2186 3390 2265 initio
3454 2181 3960 2285 praescriptis
4027 2174 4394 2277 satisfiat,

1221 2319 1353 2399 ubi
1419 2318 1723 2420 quidem
1792 2340 1891 2394 ex
1954 2314 2423 2415 quaestionis
2488 2312 2746 2390 indole
2812 2312 3236 2415 particulae

1672 2494 1991 2576 ω,ἱῦ,
2082 2444 2243 2603 ἐξ,
2368 2443 2528 2602 ἓξ,
2655 2442 2850 2601 ΞΞ-ἷ,
2975 2442 3123 2599 ἓᾶ-ἐὲ
3217 2488 3367 2555 etc.

1216 2668 1569 2749 definitos
1648 2636 1961 2747 valores
2041 2668 2302 2746 sortiri
2379 2669 2652 2747 solent.
2781 2670 2980 2747 Tum
3057 2688 3252 2748 vero
3335 2686 3512 2745 cum
3590 2665 3796 2743 idem
3859 2662 4072 2743 eirca
4153 2668 4386 2743 finem

1216 2794 1749 2898 integrationis
1828 2818 1973 2871 usu
2054 2794 2313 2872 veniat
2346 2854 2369 2890 ,
2463 2820 2558 2875 ex
2641 2794 2962 2900 singulis
3039 2804 3488 2873 constantes
3565 2818 3712 2897 per
3788 2792 4388 2898 integrationem

1210 2921 1607 3026 ingressae
1674 2921 2407 3000 determinabuntur.

2406 3131 2972 3212 Scholion
3105 3145 3189 3212 2.

1543 3315 1647 3384 13
1666 3311 1749 3384 6.
1878 3305 2291 3386 Plurimum
2354 3309 2740 3388 conducet
2801 3308 2926 3390 hic
2991 3311 3449 3386 observasse
3483 3363 3508 3404 ,
3552 3342 3556 3346 ²
3601 3309 3947 3391 membra
3983 3366 4007 3406 ,
4105 3308 4382 3408 quibus

1209 3431 1533 3513 variatio
1604 3421 1917 3532 &svam
1981 3433 2451 3536 exprimitur,
2515 3449 2795 3538 sponte
2861 3433 2939 3513 in
3003 3437 3196 3512 duas
3263 3435 3554 3514 classes
3617 3436 3980 3538 dispesci,
4046 3435 4124 3510 in
4188 3460 4381 3536 qua·

1206 3587 1379 3638 rum
1454 3559 1699 3637 altera
1782 3559 2081 3638 litterae
2160 3575 2458 3639 tantum
2537 3587 2678 3642 eae
2747 3561 3326 3664 conspiciuntur
3351 3621 3374 3656 ,
3471 3586 3668 3662 quae
3737 3563 3836 3640 ad
3903 3561 4372 3640 variabilita-

1206 3701 1363 3767 tem
1430 3685 1667 3788 ipsius
1732 3707 1815 3784 y,
1882 3709 2019 3764 scu
2086 3690 2185 3763 ad
2248 3691 2411 3792 ejus
2481 3688 2818 3766 habitum
2881 3701 3244 3791 respectu
3306 3716 3371 3766 x
3435 3691 3906 3783 referuntur,
3973 3689 4200 3788 idque
4263 3691 4378 3769 ita

1208 3835 1303 3892 sc
1367 3811 1433 3890 si
1498 3809 1881 3910 quantitas
1948 3837 2003 3890 z
2068 3829 2438 3894 constans
2505 3835 2708 3894 esset
2782 3829 3167 3916 assumta,
3265 3815 3512 3890 altera
3575 3795 3765 3896 vero
3833 3815 4101 3894 classis
4167 3817 4376 3894 simi·

1206 3940 1319 4018 les
1388 3937 1649 4014 literas
1716 3955 1767 4012 a
1830 3938 2335 4020 variabilitate
2402 3941 2640 4044 ipsius
2706 3963 2759 4018 z
2819 3957 3117 4019 tantum
3183 3939 3601 4040 pendentes
3662 3937 4059 4038 continet,
4155 3948 4378 4044 quasi

1203 4055 1591 4166 quantitas
1647 4083 1711 4164 y
1772 4076 1977 4143 esset
2042 4078 2432 4148 constans.
2559 4067 2679 4146 Ex
2747 4091 2902 4169 quo
2969 4067 3330 4170 colligere
3397 4059 3596 4159 licet,
3663 4067 3726 4146 si
3791 4068 4021 4145 etiam
4084 4083 4368 4170 quarta

1204 4188 1591 4274 variabilis
1656 4212 1706 4268 v
1774 4193 2133 4286 accedat,
2198 4215 2398 4294 quae
2463 4211 2548 4272 ut
2611 4193 2902 4274 functio
2966 4191 3208 4296 ipsius
3271 4215 3338 4270 x
3403 4215 3704 4298 quoque
3768 4197 4110 4298 spectari
4167 4221 4364 4298 qae-

1206 4329 1287 4395 at
1316 4374 1341 4414 ,
1438 4327 1595 4392 tum
1682 4319 1779 4395 ad
1860 4319 2027 4398 illas
2110 4317 2305 4399 duas
2400 4323 2690 4400 classes
2773 4322 3076 4399 tertiam
3167 4318 3483 4424 insuper
3559 4343 3741 4401 esse
3802 4323 4360 4426 adjiciendam,

1202 4467 1401 4544 quae
1464 4438 1735 4521 similia
1796 4449 2145 4526 membra
2208 4471 2257 4524 a
2304 4444 2814 4528 variabilitate
2879 4445 3112 4528 solius
3174 4473 3228 4526 v
3285 4447 3700 4555 pendentia
3765 4450 4355 4552 complectatur.

1204 4567 1595 4666 Quocirca
1658 4569 1935 4650 solutio
2000 4573 2125 4652 hic
2190 4574 2373 4653 data
2441 4574 2777 4678 spectari
2841 4588 3154 4679 potest,
3221 4574 3440 4680 quasi
3502 4577 3606 4655 ad
3669 4587 4158 4682 quotcunque
4213 4601 4336 4658 va-
