4861 5775
1649 351 2108 439 CAPUT
2227 353 2304 444 1
3379 369 3431 448 9

397 589 652 668 canu
709 579 874 650 tum
929 569 1096 676 ejus
1157 547 1660 674 investigetur
1721 567 2084 672 aequatio
2145 567 2545 674 integralis
2610 567 3045 672 completa,
3110 591 3311 672 quae
3376 594 3575 676 ergo

401 675 880 777 constantem
959 696 1450 776 arbium-iam
1534 697 1600 776 C
1683 697 2260 798 complectetur.
2397 699 2703 776 Deinde
2784 700 2979 776 haec
3056 711 3431 778 consum
3496 699 3565 778 C

399 821 936 904 consideretur
1025 835 1116 904 ut
1201 821 1496 900 fiiuctio
1585 845 2090 924 quaeeunque
2175 821 2416 922 ipsius
2478 849 2535 901 z
2560 879 2595 922 ‚
2688 844 2923 922 atque
3000 825 3153 902 liae
3229 848 3287 902 z
3362 847 3573 904 nuno

405 947 638 1028 etiam
695 973 852 1054 pro
915 947 1266 1028 variabili
1325 945 1590 1027 habita
1621 1001 1654 1050 ,
1749 949 2108 1048 aequatio
2161 947 2561 1053 integralis
2640 947 2957 1028 inventa
3028 950 3283 1028 denuo
3346 950 3571 1029 diffe-

403 1071 826 1168 rentiam-3
919 1087 1010 1152 ut
1075 1095 1342 1154 omnes
1403 1085 1568 1152 tres
1625 1099 1734 1169 x,
1791 1097 1853 1173 y
1917 1089 2000 1152 et
2059 1101 2115 1154 z
2191 1087 2559 1174 tanquam
2624 1074 3035 1153 variabiles
3110 1087 3569 1174 nectentur,

408 1212 486 1280 et
546 1201 908 1306 aequatio
969 1199 1492 1280 differentialis
1553 1201 1936 1280 resultans
1999 1215 2501 1304 comparetur
2560 1225 2739 1280 cum
2798 1201 3209 1302 proposita

849 1383 1100 1476 Pax
1166 1396 1289 1482 -ι-
1353 1376 1602 1482 Qay
1660 1381 1790 1482 -Ι-
1853 1375 2098 1464 sz
2160 1407 2288 1466 z:
2360 1396 2467 1481 ο,

407 1567 526 1646 vbi
593 1566 905 1668 quidem
971 1561 1404 1642 functiones
1467 1568 1530 1645 P
1591 1576 1674 1642 et
1738 1565 1818 1660 Q
1878 1577 2160 1666 sponte
2225 1561 2688 1668 prodibunt,
2750 1573 2833 1642 at
2896 1566 3187 1644 functio
3250 1569 3325 1644 R
3388 1593 3573 1648 cum

400 1717 492 1771 ea
555 1691 986 1792 quantitate
1019 1747 1046 1787 ,
1121 1713 1276 1790 qua
1341 1690 1798 1768 elementum
1864 1685 1974 1775 az
2035 1691 2352 1770 afficitur
2383 1749 2406 1788 ,
2488 1692 2772 1771 collata
2833 1693 3373 1771 determinabit
3432 1717 3567 1770 ra·

399 1821 686 1898 tionem
722 1873 747 1912 ,
811 1841 964 1918 qua
1025 1814 1414 1916 quantitas
1481 1843 1534 1892 z
1595 1816 1674 1894 in
1738 1817 1948 1897 illam
2015 1817 2346 1896 litteram
2417 1821 2485 1896 C
2550 1818 2981 1921 ingreditur
3014 1874 3058 1930 ,ι
3104 1819 3369 1920 sieque
3430 1821 3573 1898 ob-

399 1943 762 2024 tinebitur
824 1943 1184 2043 aequatio
1245 1939 1640 2046 integralis
1707 1945 2078 2042 quaesita,
2140 1968 2342 2044 quae
2403 1946 2625 2022 simul
2688 1946 2836 2022 erit
2900 1945 3323 2044 completa,
3386 1967 3567 2022 eum

403 2093 716 2172 semper
807 2069 888 2146 in
979 2067 1110 2144 illa
1185 2065 1482 2144 litterae
1565 2071 1632 2146 C
1713 2093 1902 2170 pars
1981 2072 2361 2170 quaedam
2444 2082 2805 2150 constans
2890 2094 3078 2148 vere
3160 2071 3571 2148 arbitraria

393 2197 868 2296 relinquatur
895 2249 926 2290 ,
1021 2177 1216 2274 eum'
1301 2193 1498 2272 haee
1587 2195 2122 2276 determinatio
2217 2220 2316 2276 ex
2409 2197 2891 2277 differentiali
2982 2194 3223 2299 ipsius
3306 2199 3373 2276 C
3470 2195 3572 2276 sit
3604 2287 3623 2303 ·

394 2323 753 2424 petenda.

1429 2557 2270 2641 corollarium
2413 2569 2489 2640 1.

663 2753 745 2827 8.
877 2735 1300 2820 Redueitur
1363 2764 1556 2846 ergo
1621 2743 2037 2847 integratio
2101 2741 2531 2849 hujusmodi
2603 2742 3143 2848 aequationum
3204 2743 3569 2850 differen-

394 2841 686 2950 tialium
762 2881 924 2949 tres
999 2865 1410 2947 variabiles
1505 2869 2054 2949 continentium
2149 2873 2252 2949 ad
2344 2870 2935 2974 integrationem
3028 2870 3571 2973 aequationum

395 2996 1016 3077 differentialium
1087 2994 1292 3072 inter
1347 2994 1545 3074 duas
1623 3012 1919 3077 tantum
1995 2997 2408 3077 variabiles
2444 3055 2469 3095 ,
2566 3022 2767 3097 quae
2844 3023 3041 3103 ergo
3116 2998 3415 3099 quoties
3478 2994 3566 3073 li·

383 3132 518 3207 'eet
577 3149 730 3231 per
791 3122 1196 3204 methodos
1257 3119 1338 3197 in
1401 3124 1780 3225 superiori
1843 3124 2046 3205 libro
2099 3123 2421 3202 traditas
2452 3180 2481 3221 ,
2572 3136 2697 3205 est
2754 3126 3241 3205 instituenda.

1459 3374 2268 3459 corollarium
2401 3386 2487 3455 2.

661 3583 741 3659 9.
872 3572 1098 3653 Haec
1162 3594 1357 3675 ergo
1435 3568 1847 3675 integratio
1924 3571 2169 3648 tribus
2229 3569 2485 3647 modis
2561 3568 2853 3649 institui
2924 3580 3189 3673 potest
3217 3624 3247 3671 ,
3338 3586 3571 3674 prout

385 3702 648 3804 primo
729 3704 858 3779 vel
920 3726 1034 3795 z,
1095 3698 1224 3777 vel
1283 3722 1402 3799 y,
1463 3698 1588 3777 vel
1650 3724 1720 3775 x
1809 3706 2178 3798 tanquam
2241 3706 2611 3775 constans
2690 3707 3111 3801 spectatur.
3246 3696 3569 3801 Semper

395 3843 650 3907 autem
713 3849 1042 3907 neeesse
1107 3836 1278 3919 est,
1361 3835 1452 3904 ut
1511 3822 1790 3903 eadem
1855 3825 2214 3927 aequatio
2279 3822 2680 3929 integralis
2740 3824 3115 3922 resultet,
3190 3823 3567 3927 siquidem

397 3952 762 4057 aequatio
827 3950 1358 4097 differentialis
1423 3950 1658 4073 {inerit
1714 3950 1972 4031 realis.
2794 3986 2799 3993 ·
2918 3985 2960 4117 ἱ

1445 4202 2275 4285 corollarium
2397 4218 2493 4285 3.

663 4396 802 4471 1ο.
933 4387 1228 4487 Quodsi
1310 4388 1506 4467 haee
1579 4368 2034 4469 methodus
2080 4397 2415 4467 tentetur
2508 4388 2613 4479 in,
2672 4386 3124 4490 aequatione
3200 4388 3569 4473 different·-

395 4514 549 4595 tiali
613 4516 1122 4618 impossibili,
1218 4514 1748 4597 determinatio
1831 4514 2032 4595 illius
2097 4514 2523 4597 constantis
2589 4518 2653 4596 C
2742 4540 2903 4597 nou
2972 4514 3089 4595 ita
3165 4518 3569 4614 suecedet,

522 4646 690 4726 vol.
755 4641 904 4719 111.
3058 4656 3106 4721 2
