4861 5775
1410 507 1587 582 424
2493 493 2942 576 CAPUT
3071 499 3215 578 111.

1279 707 1455 780 Hoc
1522 695 1757 797 igitur
1818 715 2009 766 casu
2074 713 2312 768 curva
2378 688 2680 765 variata
2745 688 2980 789 plane
3045 715 3200 768 non
3267 688 3662 796 discrepat
3727 716 3774 769 a
3840 694 4219 790 data,'ac
4289 707 4454 778 tota

1274 825 1593 906 variatio
1664 820 2041 930 formulae
2088 811 2361 916 svam
2424 817 2814 894 reducitur
2877 821 2978 895 ad
3047 803 3249 896 de.

2463 1096 3056 1199 Scholion
3200 1105 3347 1176 1..

1602 1311 1744 1383 90.
1878 1292 2215 1367 variatio
2314 1296 2506 1371 haec
2601 1319 2748 1393 pro
2852 1295 3183 1370 formula
3281 1294 3637 1398 integrali
3718 1277 4054 1408 sVDx
4142 1296 4458 1372 inventa

1276 1430 1529 1512 statim
1597 1423 2039 1526 sappeditat
2103 1423 2504 1520 regulam,
2573 1447 2827 1520 quam„
2873 1422 3052 1498 olim
3119 1422 3400 1499 tradidi
3475 1448 3622 1524 pro
3691 1445 3933 1496 curva
3997 1420 4460 1512 invenienda

1274 1564 1350 1640 in
1418 1581 1573 1658 qua
1640 1555 1863 1627 valor
1930 1549 2273 1648 ejusdem
2343 1549 2712 1624 formulae
2780 1549 3172 1650 integralis
3262 1549 3360 1626 sit
3427 1549 3798 1626 maximus
3879 1551 4002 1625 vel
4071 1550 4456 1632 minimus..

1280 1687 1419 1768 Illa
1486 1681 1689 1760 enim
1756 1677 2024 1777 regula
2092 1676 2485 1773 postulat,
2579 1690 2665 1751 ut
2731 1680 2925 1754 haec
2995 1677 3392 1778 expressio

1726 1833 3740 2004 N-rffi-l--z--g-ss-PQ-‘eoe-

1276 2071 1511 2152 nihilo
1578 2066 1917 2166 aequalis
1986 2074 2385 2140 statuatur.
2517 2064 2670 2139 Hic
2743 2077 2994 2140 autem
3076 2065 3332 2142 statim
3399 2064 3714 2143 evidens
3779 2079 3938 2160 est,
4020 2066 4117 2142 ad
4178 2065 4294 2156 id,
4371 2079 4464 2140 ut

1280 2197 1609 2276 variatio
1686 2191 2057 2270 formulae
2115 2172 2385 2302 sva
2454 2205 2922 2287 evanescat,
3019 2194 3664 2292 quemadmodum
3743 2208 4023 2269 natura
4085 2193 4462 2282 maximo·

1204 2415 1211 2428 ,
1280 2351 1451 2404 rum
1518 2337 1599 2402 et
1660 2320 2139 2398 minimorum
2207 2317 2476 2418 exigit,
2545 2331 2722 2394 ante
2793 2318 3048 2396 omnia
3114 2321 3438 2420 requiri,
3523 2334 3606 2397 ut
3665 2321 3918 2420 prima
3985 2344 4172 2420 para
4231 2319 4458 2420 signo

1278 2451 1629 2556 integrali
1696 2458 2063 2527 contenta
2128 2457 2600 2538 evanescat,
2691 2471 2788 2522 ex
2853 2473 3004 2544 quo
3070 2449 3154 2524 fit

1730 2604 4108 2760 N-g}÷{{?—}35{÷g{{—etc.:m

1282 2870 1693 2947 Praeterea
1772 2881 1959 2935 vero
2055 2856 2286 2935 etiam
2366 2869 2632 2958 partes
2719 2855 3112 2935 absolutas
3201 2857 3438 2935 nihilo
3523 2857 3836 2957 aequari
3921 2867 4287 2955 oportet,
4383 2855 4462 2933 in

1284 3018 1434 3091 quo
1530 2984 1943 3089 applicatio
2052 2986 2151 3064 ad
2252 3004 2658 3082 utrumque
2776 3008 3059 3059 curvae
3107 2996 3112 3001 ’
3157 2986 3564 3061 terminum
3663 2986 4144 3065 continetur.
4275 2983 4462 3085 Ipsa

1287 3120 1490 3196 enim
1564 3123 1849 3191 curvae
1928 3126 2207 3190 natura
2289 3137 2434 3214 per
2513 3110 2719 3185 illam
2803 3108 3339 3209 aequationem
3419 3112 3920 3212 exprimitur,
4016 3134 4216 3207 quae
4281 3134 4461 3186 cum

1287 3250 1386 3323 ob
1436 3239 1974 3319 differentialia
2044 3240 2327 3319 altioris
2396 3238 2682 3341 gradus
2753 3238 3070 3312 totidem
3135 3239 3685 3341 integrationes
3751 3240 4217 3335 totidemque
4266 3260 4459 3314 con·

1287 3384 1580 3453 stantes
1650 3366 2097 3445 arbitrarias
2170 3384 2512 3444 assumat
2547 3425 2570 3458 ‚
2672 3366 2942 3439 harum
3029 3367 3534 3443 constantium
3601 3364 4220 3443 determinationi
4283 3363 4460 3445 illae

1288 3513 1559 3603 partes
1625 3494 2023 3573 absolutae
2088 3495 2563 3586 inserviunt,
2647 3512 2733 3567 ut
2798 3506 2952 3567 tam
3023 3492 3098 3567 in
3166 3493 3376 3571 initio
3445 3520 3680 3593 quam
3748 3494 3826 3569 in
3893 3496 4043 3571 fine
4112 3492 4460 3591 quaesita

1290 3651 1537 3705 curva
1602 3620 1831 3701 certis
1899 3621 2456 3701 conditionibus
2521 3620 3034 3719 respondeat,
3113 3615 3346 3697 veluti
3413 3622 3510 3696 ad
3579 3623 3800 3698 datas
3869 3620 4110 3698 lineas
4177 3642 4460 3699 curvas

1292 3753 1768 3831 terminetur.
1898 3753 2007 3827 Ac
2090 3750 2151 3826 si
2238 3748 2592 3847 aequatio
2690 3748 2818 3823 ina
2900 3747 3134 3823 fuerit
3213 3748 3739 3825 differentialis
3835 3724 4142 3825 ordinis‘
4205 3747 4460 3843 quara

1290 3884 1415 3957 vel
1498 3880 1693 3955 adeo
1776 3875 2065 3967 altioris
2100 3938 2121 3970 ‚
2219 3876 2552 3975 partium
2635 3898 2940 3975 quoque
3024 3873 3546 3950 absolutarum
3645 3898 4008 3953 numerus
4095 3887 4460 3975 augetur,

1294 4009 1567 4107 quibus
1634 4003 1834 4080 effici
1897 4016 2189 4103 potest,
2254 4025 2337 4077 ut
2404 4026 2646 4079 curva
2709 4002 3058 4101 quaesita
3123 4024 3277 4075 non
3341 4004 3581 4077 solum
3649 4002 4002 4101 utrinque
4069 4000 4172 4077 ad
4234 4001 4462 4083 datas

1294 4136 1533 4218 lineas
1600 4130 2048 4207 terminetur
2079 4190 2100 4222 ‚
2189 4131 2328 4206 sed
2392 4129 2668 4205 ibidem
2735 4151 3037 4227 quoque
3105 4141 3322 4203 certa
3387 4126 3763 4221 directio,
3847 4126 4032 4228 quIn
4095 4126 4328 4204 etiam
4391 4127 4466 4204 εἳ

1295 4264 1391 4335 ad
1474 4256 1747 4334 altiora
1824 4255 2355 4334 differentialia
2444 4268 2800 4356 assurgat
2841 4311 2864 4350 ,
2963 4266 3182 4330 certa
3275 4254 3740 4331 curvaminis
3832 4254 3954 4332 lex
4031 4254 4462 4358 praescrib}

1294 4398 1567 4482 queat.
1704 4383 2023 4483 Semper
2103 4394 2359 4457 autem
2444 4380 3041 4481 applicationem
3122 4380 3477 4459 faciendo
3555 4382 4067 4487 pulcherrime
4147 4382 4462 4464 evenire

1294 4518 1543 4601 solet,
1638 4521 1719 4586 ut
1801 4511 1970 4609 ipsa
2050 4508 2575 4610 quaestionum
2663 4507 2959 4585 indoles
3045 4509 3414 4609 ejusmodi
3505 4507 3988 4589 conditiones
4078 4507 4462 4613 involvat„

1300 4642 1568 4739 quibus
1634 4660 1775 4738 per
1842 4645 2103 4738 p‘artes
2174 4636 2564 4714 absolutas
2635 4618 3254 4713 commodissime
3319 4634 3670 4717 satisfieri
3715 4634 4006 4745 possit,
