4861 5775
1341 436 1514 503 328
1667 360 1670 365 ⁵
2271 352 2282 359 ’
2488 376 2935 491 οΑΡὺΤ
3036 412 3098 487 1.

1211 620 1742 721 investiganda
1779 678 1798 710 ,
1881 615 2338 715 proponitur
2377 672 2396 707 ,
2492 613 2827 711 qualibet
2892 610 3405 710 integratione
3468 610 3849 729 introduci
3914 612 4389 693 functionem

1217 771 1746 847 quamcunque
1816 742 2302 819 arbitrariam
2381 742 2759 816 binarium
2839 736 3319 821 variabilium
3350 796 3373 828 ,
3478 751 3752 855 atque·
3804 741 4000 817 adeo
4093 740 4173 826 in
4236 746 4385 821 hoc

1219 874 1638 951 consistere
1706 868 2142 960 criterium,
2238 862 2389 965 quo¹
2465 869 2659 943 haec
2724 890 2909 964 pars
2977 864 3249 940 cuiculi
3326 865 3719 966 integralis
3790 860 3837 941 a
3904 870 4392 964 praeceden-

1218 1003 1416 1077 tibus
1497 995 2005 1097 distinguitur.
2141 994 2815 1088 Quemadmodum
2900 992 3103 1067 enim
3136 1051 3158 1081 ‚
3269 994 3449 1068 dum
3546 1004 3823 1068 natura
3917 995 4393 1073 ffinctionum

1218 1128 1492 1205 unicae
1558 1122 1944 1199 variabilis
2026 1146 2122 1197 ex
2200 1124 2385 1195 data
2464 1119 3078 1195 differentialium
3158 1118 3597 1196 conditione
3664 1120 4213 1223 investigatur,
4310 1123 4391 1197 in

1217 1278 1369 1353 quo
1435 1252 1832 1327 universus
1899 1248 2090 1325 liber
2154 1246 2451 1347 primus
2518 1265 2637 1323 est
2703 1259 3125 1345 occupatus
3161 1305 3184 1339 ,
3251 1272 3396 1341 per
3460 1246 3877 1347 quamlibet
3944 1248 4395 1349 integratio·

1223 1404 1401 1457 nem
1489 1376 1872 1475 quantitas
1957 1388 2322 1450 constans
2416 1372 2829 1449 arbitraria
2929 1372 3007 1448 in
3110 1374 3485 1451 calculum
3582 1374 4011 1467 invehitur,
4116 1377 4221 1468 ita
4316 1376 4399 1453 in

1219 1516 1446 1604 parte
1530 1502 2346 1605 praecedente-hujus
2434 1500 2749 1578 secundi
2825 1498 2997 1574 libri
3060 1499 3430 1591 vidimus,
3534 1500 3599 1576 si
3684 1503 4115 1579 functiones
4178 1502 4399 1579 bina-

1221 1656 1391 1705 rum
1472 1629 1949 1705 variabilium
2031 1652 2126 1703 ex
2209 1628 2393 1701 data.
2474 1627 2974 1701 formularum
3046 1625 3661 1703 differentialium
3741 1629 4119 1705 relatione
4184 1629 4399 1705 inve-

1223 1756 1490 1857 stigari
1554 1758 1931 1844 debeant,
2033 1764 2192 1829 tum
2274 1754 2373 1828 ad
2456 1753 2863 1829 essentiam
2946 1752 3167 1853 hujus
3248 1754 3728 1831 tractationis
3812 1754 3889 1828 id
3956 1755 4345 1854 pertinere
4380 1818 4405 1848 ,

1227 1883 1432 1981 quod
1487 1882 1848 1981 qualibet
1930 1880 2489 1979 integrationeae
2523 1904 2680 1955 non
2760 1879 3147 1977 quantitas
3238 1894 3603 1955 constans
3690 1882 3826 1957 sed
3908 1884 4101 1957 adeo
4178 1882 4407 1956 func·

1227 2012 1326 2083 tio
1390 2010 1608 2086 unius
1673 2005 2060 2083 variabilis
2127 2032 2476 2107 prorsus
2516 2006 2919 2082 arbitraria
2994 2006 3071 2081 in
3140 2007 3513 2085 calculum
3576 2006 4175 2103 introducatur3
4252 2010 4405 2085 etsi

1241 2136 1442 2209 enim
1509 2136 1960 2236 plerumque
2023 2136 2168 2209 hae
2237 2134 2671 2211 functiones
2738 2134 2969 2209 veluti
3039 2134 3105 2212 Γ
3154 2158 3175 2209 2
3222 2114 3391 2226 (aar
3432 2135 3735 2243 -ι-βῃ)
3816 2138 4084 2211 ambas
4146 2136 4405 2211 varia-

1233 2262 1421 2337 biles
1502 2286 1568 2334 ει·
1650 2275 1726 2337 et
1807 2284 1864 2355 y
1961 2258 2511 2359 implicabant,
2629 2272 2886 2359 tamen
2974 2258 3075 2334 ibi
3152 2270 3313 2336 tota
3398 2260 3780 2357 quantitas
3862 2286 4011 2341 ax
4082 2276 4201 2349 -1-
4262 2264 4410 2372 βξ]

1235 2401 1317 2461 ut
1395 2389 1640 2463 unica
1748 2398 2192 2484 spectatur,
2316 2389 2532 2487 cujus
2631 2386 3093 2461 functionem
3203 2412 3734 2486 quamcunque
3849 2388 3975 2463 illa
4076 2389 4410 2464 formula

1241 2498 1378 2589 1⁴:
1435 2522 1602 2604 (cxx
1644 2510 1960 2619 —1-ssy)
2051 2514 2391 2590 denotat.
2525 2512 2751 2590 Nunc
2832 2512 3115 2613 igitur,
3214 2516 3339 2592 ubi
3421 2516 3519 2590 de
3604 2515 4116 2591 functionibus
4177 2515 4411 2591 trium

1239 2638 1712 2715 variabilium
1783 2638 2083 2738 agitur,
2169 2642 2414 2735 probe
2480 2640 2899 2715 notandum
2970 2658 3089 2716 est
3123 2702 3143 2733 ,
3209 2644 3545 2739 qualibet
3607 2641 4121 2743 integratione
4190 2643 4412 2719 func·

1251 2766 1531 2841 tionem
1598 2763 2086 2839 arbitrariam
2147 2766 2467 2842 duarum
2551 2766 2748 2841 adeo
2823 2768 3306 2844 variabilium
3384 2770 3461 2845 in
3530 2769 3907 2845 calculum
3976 2767 4413 2845 introduci:

1245 2917 1338 2966 ex
1407 2916 1556 2986 quo
1625 2891 1842 2966 simul
1907 2891 2235 2967 indolem
2302 2894 2896 2993 integrationum
2932 2955 2951 2984 ,
3040 2921 3235 2994 quae
3310 2897 3521 2976 circa
3588 2895 4013 2974 functiones
4076 2894 4416 2996 plurium

1245 3016 1718 3091 variabilium
1785 3017 2242 3108 versantur,
2313 3019 2677 3119 colligere
2744 3020 2939 3096 licet.

2376 3315 3006 3395 Problema
3138 3317 3284 3394 622

1579 3555 1783 3624 440.
1941 3550 2011 3623 Si
2111 3550 2209 3634 sit
2288 3575 2336 3626 v
2440 3549 2727 3628 functio·
2828 3571 3327 3651 quaecunque
3426 3554 3649 3630 trium
3752 3557 4227 3636 variabilium
4310 3585 4427 3648 x,

1243 3698 1299 3772 y
1353 3690 1442 3754 vet
1509 3701 1557 3749 z
1586 3733 1606 3762 ‚
1713 3679 1873 3776 ejus
1961 3677 2322 3754 formulas
2405 3677 2951 3758 differentiales
3030 3682 3343 3768 secundi
3440 3681 3949 3784 altiorumque
4042 3683 4431 3787 graduum

1248 3805 1628 3879 exhibere.

2492 4059 2498 4066 ·
2586 4019 3069 4100 Solutim

1577 4181 1772 4257 Cum
1841 4181 2004 4283 ejus
2075 4183 2452 4264 formulae
2518 4187 3061 4266 differentiales
3119 4185 3353 4287 'primi
3422 4195 3705 4294 gradus
3774 4193 3923 4285 sint
3992 4216 4165 4272 tres·

1902 4321 2146 4500 (ἐξ),
2283 4327 2519 4496 (3-3),
2648 4331 2888 4484 (ἓξ),

1203 4609 1210 4616 ,
1267 4529 1649 4626 quaelibet
1725 4531 1967 4610 instar
2047 4559 2298 4615 novae
2385 4539 2797 4619 functionis
2895 4545 3381 4626 considerata
3460 4551 3733 4628 iterum
3825 4565 3981 4632 tres
4060 4563 4507 4658 suppedi-·
