4861 5775
1337 407 1585 502 s·,
2481 349 2934 470 cipum
3058 391 3148 470 ι

1462 603 4325 714 ῙιΡ-ι-ΜΩ-α-ΝΒΞ29-4-2Ζ-ιει-39-2543349230,

1205 774 1406 851 unde
1475 770 1623 851 ista
1693 769 2046 869 aequatio
2117 770 2642 850 differentialis
2710 769 2857 850 erit
2918 768 3174 848 realis·

2372 1025 2998 1130 Probi—ema
3138 1038 3221 1108 2.

1497 1236 1574 1311 7.
1709 1229 2110 1330 Proposita
2191 1231 2649 1331 aequatione
2742 1227 3225 1307 differentiali
3322 1230 3521 1306 inter
3602 1229 3869 1310 ternas
3969 1233 4379 1316 variabiles

1105 1456 1112 1470 ᾖ
1207 1384 1316 1454 α’,
1381 1380 1474 1456 y3
1543 1383 1636 1452 z,
1707 1381 1902 1455 quae
1971 1358 2068 1434 sit
2132 1360 2362 1436 realis
2399 1418 2422 1452 ‚
2520 1361 2683 1460 ejus
2758 1357 3135 1460 integrale
3198 1356 3719 1460 investigare,
3814 1360 4015 1437 unde
4081 1375 4391 1463 pateat,

1155 1485 1452 1584 'qualis
1515 1484 1808 1562 functio
1873 1510 2029 1562 una
2091 1511 2358 1562 earum
2424 1483 2523 1564 sit
2588 1486 2939 1564 binarum
3006 1484 3499 1583 reliquarum.

2556 1719 3125 1820 Solutim'

1467 1941 1575 2018 Sit
1642 1941 1999 2042 aequatio
2067 1939 2593 2020 differentialis
2658 1943 3061 2046 proposita

1723 2093 3359 2238 Pboe-i—QBy-i-szssQ

1209 2274 1290 2350 in
1355 2293 1510 2370 qua
1575 2270 1680 2378 P,
1747 2272 1861 2368 Q,
1923 2272 2030 2366 R,
2117 2267 2493 2374 ejusmodi
2558 2269 2712 2346 sint
2776 2269 3203 2348 functiones
3269 2270 3612 2373 ipsarum
3674 2295 3785 2366 x,
3842 2291 3908 2371 y
3970 2282 4050 2350 et
4112 2297 4203 2368 z,
4304 2285 4391 2352 ut

1207 2403 1620 2477 character
1682 2398 2056 2476 realitatis
2121 2409 2301 2472 ante
2365 2391 2719 2476 inventus
2786 2395 3235 2476 saussaciat.
3367 2397 3533 2474 Nisi
3602 2397 3807 2476 enim
3884 2398 4034 2478 ista
4101 2421 4387 2498 aequa·

1207 2525 1311 2602 tio
1377 2538 1586 2604 esset
1649 2527 1922 2620 realis,
1988 2523 2388 2607 ridiculum
2450 2525 2695 2620 foret,
2760 2547 2929 2628 eJus
2994 2523 3589 2626 integrationem
3654 2538 3983 2603 tentare.
4120 2505 4389 2604 Suma-

1204 2675 1374 2730 mus
1441 2678 1630 2756 ergo
1692 2657 1896 2730 hanc
1962 2651 2501 2754 aequationem
2566 2674 2739 2730 csse
2801 2651 3119 2747 realem,
3185 2667 3417 2751 atque
3476 2652 3785 2728 dabitur
3847 2652 4123 2729 relatio
4188 2653 4389 2730 inter

1203 2781 1421 2882 ipsas
1485 2785 1951 2879 quantitates
2016 2807 2123 2876 x,
2189 2803 2246 2878 y
2309 2794 2390 2854 et
2450 2804 2544 2874 z,
2638 2777 3077 2878 aequationi
3146 2780 3597 2880 propositae
3664 2779 4207 2874 satisfaciens,
4289 2781 4389 2856 ad

1205 2932 1440 3007 quam
1504 2907 2039 2987 inveniendam
2119 2908 2647 3008 perpendatur
2680 2962 2703 3000 ,
2800 2906 2865 2983 si
2934 2906 3009 3004 in
3080 2906 3531 3005 aequatione
3610 2905 4185 3007 integrali'una
4252 2932 4390 2983 va-

1207 3036 1614 3127 riabilium,
1679 3050 1868 3135 puta
1936 3060 2012 3131 z,
2078 3048 2444 3113 constans
2508 3038 2939 3133 spectetur,
3004 3058 3103 3110 ex
3166 3036 3332 3136 ejus
3398 3032 3887 3113 differentiali
3952 3032 4187 3111 nihilo
4256 3058 4389 3113 ae-

1205 3162 1414 3262 quali
1481 3160 1737 3265 posito
1807 3162 2020 3241 nasci
2087 3164 2374 3239 debere
2438 3160 2978 3257 aequationem

1985 3305 2223 3393 Pax
2289 3309 2418 3405 -l-
2488 3307 2743 3407 Ωὒθ
2803 3330 2927 3385 -Ξ
3000 3320 3077 3382 ⁰·

1211 3460 1564 3541 Vicissim
1631 3485 1822 3561 ergo
1892 3484 2042 3537 una
2116 3456 2461 3535 variabili
2530 3467 2719 3559 puta
2782 3478 2837 3561 32-
2904 3468 2987 3529 ut
3052 3467 3456 3535 constante
3522 3470 3894 3554 tractata,
3980 3458 4389 3564 integratio

1208 3590 1684 3689 aequationis
1755 3585 2280 3665 differentialis
2850 3579 2857 3586 ’

1991 3729 2222 3817 Ρόω
2296 3748 2412 3819 ·-1-
2480 3726 2721 3834 Ωὒῃ
2787 3758 2911 3815 z
2983 3746 3089 3833 ο,

1209 3926 1415 4003 quae
1481 3903 1668 3980 duas
1735 3914 2028 3979 tantum
2095 3902 2503 3981 variabiles
2574 3904 2965 4005 continet,
3064 3910 3442 4007 perducet
3510 3906 3609 3983 ad
3678 3910 4241 4008 aequationem·
4274 3914 4389 3991 in·

1205 4030 1582 4131 tegralern
1664 4029 2085 4127 quaesitam
2119 4086 2141 4125 ‚
2235 4030 2300 4108 si
2363 4032 2597 4109 modo
2694 4034 2775 4109 in
2856 4032 3363 4131 quantitatem
3420 4051 3955 4131 'constantem
4050 4016 4193 4139 per
4276 4041 4391 4117 in·

1207 4156 1722 4258 tegrationem
1819 4157 2246 4261 ingressam
2353 4158 2481 4237 illa
2559 4160 2961 4261 'quantitas
3047 4185 3139 4233 z-
3194 4162 3335 4239 rite
3442 4164 3899 4241 involvatur.
4029 4164 4150 4243 Ex
4244 4194 4391 4267 quo

1208 4286 1412 4359 hanc
1506 4284 1854 4384 regulam
1947 4310 2092 4385 pro
2189 4286 2701 4389 integratione
2804 4286 3281 4385 aequationis
3384 4290 3842 4391 propositae
3939 4292 4388 4397 colligimus.

1205 4407 1763 4487 consideretur
1825 4436 1979 4488 nna
2047 4414 2520 4495 variabilium
2586 4430 2777 4515 puta
2843 4438 2897 4491 z
2958 4425 3043 4487 ut
3108 4430 3467 4495 constans
3508 4472 3529 4509 ,
3602 4436 3687 4494 ut
3750 4420 4121 4496 habeatur
4196 4426 4391 4501 haec

1207 4538 1567 4647 §aequatio
1637 4533 1812 4624 Pha,-
1857 4534 2378 4641 ÷Q6yz
2425 4552 2469 4617 0
2510 4598 2540 4635 ,
2634 4540 2825 4616 duas
2894 4549 3187 4617 tantum
3272 4543 3682 4626 variabiles
3748 4572 3813 4623 x
3880 4560 3959 4623 et
4020 4568 4079 4645 y
4142 4548 4390 4651 impli·
4446 4532 4453 4539 ⁵
