4861 5775
1421 509 1598 580 384
1771 486 1783 495 ’
2526 471 2969 569 CAPUT
3100 487 3162 563 Ι.

1279 688 1794 775 definitionem
1871 682 2148 783 duplici
2233 682 2468 760 modo
2555 682 2837 757 variari
2903 688 3185 780 potest,
3252 678 3495 755 altero
3566 701 3720 775 quo
3788 682 4291 759 manentibus*
4321 709 4439 761 va·

1281 820 1562 895 loribus
1646 838 1753 905 x,
1833 792 2150 911 'singulis
2213 833 2270 906 y
2335 809 2661 885 variatio
2734 791 3119 900 tribuitur,
3188 806 3433 883 altero
3500 828 3691 882 vero
3760 830 3910 903 quo
3977 811 4445 889 manentibus

1279 943 1668 1021 valoribus
1731 960 1789 1037 y
1824 995 1846 1027 ,
1945 937 2218 1037 singuli
2305 962 2369 1011 x
2452 936 2737 1011 variari
2782 934 3376 1033 'concipiuntur.
3512 930 3715 1007 Nihil
3780 931 4011 1033 igitur
4076 938 4446 1033 prohibet,

1280 1097 1430 1173 quo
1513 1068 1765 1143 minus
1849 1074 2171 1161 utraque
2239 1061 2630 1139 variabilis
2698 1059 2941 1138 simul·
2990 1082 3169 1137 suas
3234 1059 3701 1136 variationes
3766 1060 4117 1157 recipere
4188 1064 4450 1141 intelli·

1279 1214 1528 1301 gatur,
1596 1212 1788 1291 quas
1858 1189 2054 1265 adeo
2120 1187 2229 1265 ita
2301 1194 2589 1288 capere
2652 1188 2853 1277 licet,
2918 1197 3001 1263 ut
3068 1187 3276 1263 nullo
3346 1186 3578 1286 plane
3642 1208 3845 1263 nexu
3910 1185 4257 1267 inter‘se
4322 1215 4449 1267 co·

1277 1329 1690 1409 haereant,
1773 1314 2052 1415 duplex
2133 1334 2324 1417 ergo
2415 1314 2537 1389 hic
2604 1312 2926 1389 variatio
3012 1315 3569 1403 consideratur,
3636 1336 3811 1416 cum
3877 1313 3957 1388 in
4022 1316 4449 1394 definitione

1275 1451 1530 1553 prima
1609 1440 1834 1521 unica
1939 1452 2233 1519 tantum
2307 1442 2424 1517 sit.
2464 1440 2843 1517 admissa.
2980 1440 3177 1515 Rem
3260 1454 3515 1517 autem
3600 1439 3722 1515 hic
3808 1439 3915 1557 ita
3998 1444 4449 1543 generaliter

1279 1573 1915 1673 contemplamur,
1983 1590 2070 1645 ut
2133 1588 2410 1643 neutra
2473 1567 2793 1643 variatio
2865 1560 2995 1641 ulli
3056 1565 3209 1667 legi
3275 1566 3373 1643 sit
3439 1559 3833 1658 adstricta,
3900 1591 4159 1666 neque
4234 1570 4449 1647 etiam

1281 1701 1750 1779 variationes
1817 1694 2050 1795 ipsius
2118 1716 2175 1792 y
2242 1692 2398 1771 ullo
2466 1695 2699 1781 modo
2768 1717 2817 1767 a
2882 1692 3433 1771 variationibus
3478 1682 3735 1793 ipsius
3796 1716 3861 1767 a:
3925 1696 4339 1793 pendeant.

2343 1928 3168 2007 Corollarium
3312 1940 3386 2007 1.

1517 2186 1529 2195 ,
1615 2114 1690 2179 8.
1829 2104 1944 2177 Ex
2027 2122 2495 2204 casu-ergo
2562 2108 2712 2197 qu‘o
2777 2098 3056 2198 duplex
3120 2096 3445 2173 variatio
3514 2099 3893 2190 statuitur,
3958 2122 4189 2177 casus
4252 2099 4454 2199 prior

1281 2248 1646 2329 tanquam
1765 2227 2068 2328 species
2167 2228 2563 2317 nascitur,
2662 2225 2725 2302 si
2820 2224 3291 2302 variationes
3378 2224 3682 2301 alterius
3762 2224 4153 2303 variabilis
4234 2225 4455 2324 plane

1157 2351 1166 2357 ’
1280 2360 1768 2460 rejiciantur,
1871 2355 2072 2429 unde
2150 2354 2636 2429 manifestum
2692 2366 2835 2431 est
2916 2375 3178 2429 casum
3260 2350 3722 2429 definitionis
3788 2354 4178 2431 secundae
4244 2351 4317 2427 in
4378 2375 4455 2427 se

1283 2482 1694 2583 complecti
1761 2462 2027 2561 casum
2099 2480 2418 2579 primae.

2360 2648 3163 2753 ,Corollarium
3301 2660 3383 2727 2.

1623 2814 1700 2883 9.
1838 2800 2041 2876 Hinc
2125 2800 2366 2901 magis
2452 2798 2727 2889 elucet,
2794 2799 3435 2896 quemadmodum
3504 2796 3682 2873 data
3756 2799 4025 2876 relatio
4094 2799 4301 2875 inter
4362 2804 4464 2879 bi-

1287 2953 1426 3004 nas
1530 2927 1935 3004 variabiles
2037 2927 2340 3004 infinitis
2444 2926 2687 3002 modis
2790 2925 3070 3000 variari
3158 2926 3451 3026 possit,
3552 2926 3921 3024 simulque
4004 2927 4464 3028 intelligitur,

1291 3055 1654 3150 quoniam
1737 3057 1872 3130 has
1943 3054 2410 3130 variationes
2472 3053 2652 3127 nulli
2719 3053 2869 3154 legi
2938 3052 3345 3129 adstrictas
3414 3053 3896 3146 assumimus,
3962 3077 4233 3130 omnes
4308 3081 4461 3133 om-

1289 3180 1472 3254 nino
1545 3181 1738 3258 illius
1808 3179 2204 3258 relationis
2275 3177 2741 3256 variationes
2806 3177 3212 3278 possibiles
3280 3183 3426 3282 hac
3491 3180 3787 3256 ratione
3854 3179 4205 3258 indicari.

2480 3419 3066 3496 seh-olion
3212 3431 3287 3496 1.

1634 3606 1771 3706 19.
1907 3593 2380 3670 variationes
2478 3592 2781 3691 quidem
2880 3595 3227 3670 alterutri
3316 3607 3611 3674 tantum
3688 3595 4033 3672 variabili
4116 3597 4467 3674 Inductae

1282 3724 1446 3824 jam
1551 3745 1820 3798 omnes
1902 3719 2370 3796 variationes
2452 3719 2907 3817 possibiles,
3000 3745 3193 3820 quae
3280 3723 3355 3797 in
3439 3724 3921 3822 propositam
4014 3724 4471 3800 relationem

1293 3847 1498 3922 inter
1577 3849 1798 3923 binas
1861 3847 2268 3924 variabiles
2337 3847 2636 3922 cadere·
2686 3861 3033 3947 possunt,
3105 3851 3787 3949 comprehendunt,
3852 3868 3936 3927 ut
4002 3852 4473 3950 superfluum

1295 3974 1537 4049 videri
1615 3975 1865 4076 possit
1931 3973 2308 4052 calculum
2377 3974 2475 4047 ad
2522 3975 2929 4075 'duplicem
2996 3977 3501 4052 variationem
3564 3979 4159 4069 accommodari,
4203 4001 4472 4053 verum

1294 4100 1358 4177 si
1414 4101 1746 4178 indolem
1796 4104 1934 4196 rei,
1981 4101 2523 4198 usumque'cui
2590 4103 3034 4191 destinatur,
3106 4104 3459 4180 attentius
3526 4107 4167 4204 contemplemur,
4228 4105 4474 4204 dupli·

1299 4227 1410 4304 cis
1513 4229 1955 4328 variationis
2049 4227 2565 4317 consideratio
2654 4231 3095 4328 neutiquam
3171 4253 3752 4336 supervacanea
3832 4233 4473 4332 deprehendetur,

1299 4355 1377 4428 id
1472 4359 1679 4451 quod
1788 4383 1930 4457 per
2035 4355 2562 4432 Geometriam
2640 4356 3201 4434 evidentissime
3284 4372 3727 4454 sequentem
3794 4359 3871 4434 in
3936 4360 4249 4435 modum
4316 4358 4474 4432 illu·

1302 4481 1690 4558 strabitur.
1873 4485 2068 4558 Cum
2200 4483 2473 4558 relatio
2584 4507 3080 4582 quaecunque
3192 4485 3388 4560 inter
3502 4485 3717 4560 binas
3802 4485 4207 4562 variabiles
4320 4485 4475 4560 dis-

1299 4607 1746 4684 tinctissime
1847 4633 1990 4708 per
2089 4609 2364 4684 lineam
2474 4633 2789 4686 curvam
2882 4612 2958 4686 in
3060 4613 3294 4714 plano
3377 4597 3839 4710 descriptam
3930 4627 4475 4712 repraesente-
