4861 5775
1301 489 1473 564 470
1565 510 1572 517 ·
1917 505 1936 514 -
2374 457 2822 537 CAPUT
2967 455 3098 532 vr.

1165 680 1689 761 referamuss
1734 663 2011 762 quibus
2090 654 2407 733 eaedem
2482 650 2711 729 binae
2791 649 3296 730 coordinatae
3369 673 3436 726 x
3501 663 3580 728 et
3643 671 3701 750 y
3779 653 4352 754 respondeant,

1168 809 1481 901 solaque
1546 792 1776 874 tertia
1842 815 1895 866 z
1958 782 2466 862 variationem
2530 779 2889 878 patiatur.
3023 779 3228 872 Quin
3295 778 3528 862 etiam
3613 781 3804 855 haec
3873 781 4342 883 suppositi0‚

1164 957 1337 1012 cum
1406 925 1507 1002 ad
1568 918 1939 998 formulas
2006 911 2415 1011 integrales
2483 905 3124 1007 progrediemur,
3189 927 3286 983 eo
3353 908 3604 1007 magis
3673 919 3790 984 est
3851 911 4345 1007 necessaria,

1161 1049 1781 1162 quandoquidem
1861 1058 2197 1140 semper
2248 1048 2492 1114 totum
2573 1031 2964 1132 negotium
3047 1034 3150 1109 ad
3229 1029 3603 1136 ejusmodi
3684 1031 4056 1114 formulas
4143 1039 4346 1116 inte

1165 1185 1422 1294 grales
1488 1170 1989 1282 perducitur,
2082 1190 2281 1263 quae
2348 1160 2732 1260 duplicem
2799 1159 3395 1262 integrationem
3457 1152 3911 1262 requirunt,
4005 1163 4086 1240 in
4153 1187 4354 1264 qua-

1162 1337 1347 1393 rum
1424 1308 1675 1384 altera
1756 1299 1924 1376 sola
2006 1317 2071 1368 x
2152 1293 2229 1366 in
2312 1290 2556 1364 altera
2637 1311 2829 1365 vero
2913 1288 3079 1364 sola
3141 1309 3200 1388 y
3280 1299 3366 1366 ut
3420 1287 3832 1370 variabilis
3909 1301 4349 1370 tractatur·
4327 1350 4354 1388 ,

1165 1439 1315 1518 nIsi
1376 1455 1569 1536 ergo
1634 1431 1909 1506 harum
1976 1417 2444 1494 variationes
2526 1415 2778 1490 nullae
2859 1425 3348 1509 statuantur,
3441 1418 3778 1494 maxima
3851 1415 4350 1500 incommoda

1161 1565 1341 1644 inde
1405 1561 1485 1636 in
1549 1551 1926 1636 caleulum
1990 1546 2591 1636 inveherentur-3
2689 1541 2826 1642 qui
2891 1563 3066 1620 eum
3129 1564 3280 1643 per
3351 1564 3437 1620 se
3503 1543 3957 1644 plerumque
4037 1547 4136 1625 sit
4200 1544 4348 1623 dif-

1162 1687 1539 1771 ficillimus
1568 1743 1591 1778 ‚
1686 1675 1999 1758 minIme
2075 1671 2515 1752 consultum
2578 1669 2882 1747 videtur
2911 1727 2934 1770 ,
3032 1691 3120 1746 ut
3183 1693 3278 1746 ex
3343 1669 3490 1748 hac
3567 1681 3793 1774 parte
3873 1671 4349 1753 difficultates

1162 1806 1782 1914 multiplicentur.
1920 1801 2442 1900 Quamobrem
2508 1800 2712 1875 hanc
2783 1796 3322 1875 tractationem
3405 1798 3512 1876 ita
3577 1823 3751 1878 sum
3817 1801 4348 1902 expediturus,

1161 1956 1249 2024 ut
1309 1943 1391 2020 in
1420 1977 1425 1981 ·
1454 1949 1875 2041 posterum·
1924 1915 2305 2032 perpetuo
2370 1924 2569 2012 binis
2635 1923 3130 2003 variabilibus
3195 1947 3266 2000 τι·
3327 1939 3408 2002 et
3468 1949 3527 2025 y
3589 1921 3837 2006 nullas
3913 1927 4143 2029 plane
4209 1951 4357 2006 va·

1169 2071 1541 2150 riationes
1607 2063 1937 2142 tribuam
1966 2110 1991 2154 ,
2066 2055 2466 2154 solamque
2530 2052 2836 2130 tertiam
2901 2075 2958 2128 z
3017 2049 3450 2130 variatione
3517 2075 3984 2157 quacunque
4051 2043 4154 2137 δι
4213 2077 4357 2132 au-

1166 2196 1335 2303 geri
1400 2211 1787 2281 assumam
1814 2243 1847 2281 ,
1940 2183 2070 2260 ubi
2128 2181 2434 2282 quidem
2505 2161 2618 2255 oz
2691 2161 2780 2256 ut
2845 2177 3317 2259 functionem
3387 2201 3924 2282 quamcunque
4007 2184 4358 2284 ipsarum

1164 2349 1233 2402 a:
1294 2334 1375 2402 et
1436 2342 1493 2422 y
1558 2318 1719 2398 sive
1784 2311 2226 2394 continuam
2286 2307 2457 2386 sive
2519 2303 3087 2385 discontinuam
3149 2323 3320 2384 sum
3383 2319 3906 2410 spectaturus.

2290 2553 2928 2635 Proble'ma
3070 2557 3210 2634 1⁷.

1504 2771 1539 2838 1
1565 2765 1711 2838 50.
1822 2755 1921 2834 si
2004 2779 2060 2830 z
2140 2749 2369 2827 fuerit
2446 2747 2740 2826 functio
2817 2771 3327 2850 quaeeunque
3390 2749 3736 2872 ipsarum
3800 2777 3868 2828 x
3933 2763 4012 2831 et
4074 2775 4170 2852 y,
4236 2753 4364 2830 ei-

1174 2916 1321 2996 que
1384 2889 1765 2965 tribuatur
1828 2880 2159 2960 variatio
2228 2859 2329 2955 δι
2395 2876 2687 2975 pariter
2753 2887 3139 2976 utcunque
3205 2879 3305 2955 ab
3372 2903 3439 2954 x
3503 2892 3586 2958 et
3645 2901 3704 2978 y
3761 2880 4149 3005 pendens.
4235 2879 4363 2961 in-

1169 3017 1561 3118 vestigare
1646 3010 2113 3088 variationes
2200 3004 2706 3082 formularum
2799 3004 3138 3085 omnium
3233 3003 3850 3121 differentialium
3951 3012 4360 3113 cujuscun-

1164 3169 1319 3244 que
1384 3140 1695 3219 ordinis.

2515 3345 3006 3426 Solutim

1490 3544 1643 3622 Pro
1707 3538 2336 3623 differentialibus
2400 3538 2629 3639 primi
2697 3538 2984 3641 gradus
3049 3540 3428 3619 habentur
3491 3541 3638 3619 hae
3703 3544 3906 3623 duae
3973 3540 4364 3621 formulae

1614 3728 1863 3808 Ρ-
1740 3766 1864 3785 -
1929 3672 2069 3826 (ἓ-
1968 3694 2103 3826 ξ)
2236 3720 2315 3785 et
2400 3702 2488 3807 p‘
2556 3728 2681 3787 z:
2745 3670 2890 3825 (}-
2790 3692 2978 3839 -}‚)

1166 3930 1493 4037 quarum
1554 3900 2025 3983 variationes
2090 3928 2265 3983 cum
2329 3930 2393 3983 x
2461 3918 2541 3983 et
2601 3926 2662 4003 y
2737 3899 3029 3981 nullam
3093 3853 3596 3983 variationem
3667 3904 3834 4007 pati
3899 3905 4364 4011 concipian-

1103 4053 1111 4062 ’
1168 4056 1349 4135 tur,
1416 4060 1513 4115 ex
1572 4054 1812 4135 supra
1876 4029 2204 4110 inventis
2272 4028 2378 4111 ita
2445 4057 2531 4113 se
2597 4032 2991 4111 habebunt

1098 4448 1105 4453 ·
1166 4402 1317 4487 Pro
1379 4404 2006 4493 differentialibus
2072 4414 2387 4495 secundi
2453 4409 2740 4496 ordinis
2805 4411 2956 4491 hae
3022 4421 3184 4493 tres
3249 4406 3628 4491 formulae
3689 4413 4069 4493 habentur

1618 4624 1865 4709 4-
1740 4662 1865 4691 ...
1931 4568 2199 4729 (993)
2330 4602 2602 4713 er...-
2479 4624 2602 4649 ·····
2665 4570 2925 4746 (ἂῖἃζω-ς)
3017 4622 3101 4693 et
3189 4602 3304 4713 qv
3372 4622 3498 4693 τ.
3563 4568 3826 4741 ‹gl-33),
