4861 5775
1747 433 2192 549 CAPUT
2321 400 2385 546 ᾗ
3345 490 3513 563 391

475 684 686 777 iicet,
729 684 960 765 -unde
1019 706 1076 757 z
1138 682 1485 759 valorem
1549 668 2136 759 determinatum
2203 680 2571 775 obtineat,
2635 684 2897 763 itidem
2966 686 3285 764 variatio
3326 690 3559 789 ipsius
3598 718 3651 768 z

473 812 574 887 ab
604 836 618 861 “
652 816 984 909 utraque*
1057 808 1354 885 iliarum
1429 834 1497 884 a·
1573 820 1653 883 et
1728 832 1788 905 y
1863 811 2206 907 pendere
2283 810 2673 885 censenda
2748 823 2903 906 est,
3028 818 3649 914 quandoquidem

471 936 638 1013 sive
701 936 1094 1014 atterutra.
1139 935 1300 1013 sive
1367 938 1640 1011 ambae
1718 947 2144 1021 mutentur,
2245 934 2392 1010 alia
2462 936 2786 1014 variatio
2854 940 3089 1039 ipsius
3159 969 3207 1017 z
3272 946 3645 1021 resultare

471 1065 722 1140 debet.

1543 1277 2365 1355 Corollarium
2506 1288 2584 1355 2.

795 1436 942 1511 23.
1074 1430 1304 1525 Quod
1367 1429 1490 1507 hic
1573 1429 1670 1505 de
1735 1430 2166 1508 variatione
2231 1431 2453 1509 unius
2519 1458 2572 1507 z
2640 1436 3133 1509 observatum
3200 1450 3367 1531 est,
3466 1464 3645 1535 per·

467 1556 644 1634 inde
707 1560 806 1636 de
870 1556 1070 1635 binis
1131 1556 1440 1657 reliquis
1505 1567 1622 1633 est
1685 1554 2326 1659 intelligendum„
2401 1557 2506 1633 ita
2588 1572 2671 1633 ut
2748 1558 3219 1660 singularum
3287 1564 3644 1641 variatio-

465 1704 604 1761 nes
671 1684 832 1765 sint
887 1698 1255 1783 tanquam
1320 1679 1744 1762 functiones
1788 1683 2138 1762 binarum
2199 1683 2681 1760 variabilium
2730 1687 3385 1781 considerandae3
3453 1715 3643 1788 quo-

463 1810 674 1888 niam
753 1791 950 1889 vero
1029 1812 1232 1888 inter
1311 1834 1378 1884 x
1441 1822 1518 1885 et
1578 1832 1636 1908 y
1701 1822 1784 1887 et
1845 1836 1900 1887 z
1981 1810 2344 1909 aequatio
2425 1811 2709 1905 datur,
2808 1812 3125 1909 perinde
3198 1828 3354 1907 est,
3452 1842 3637 1915 qua·

464 1960 815 2015 rumnam
885 1936 1236 2015 binarum
1315 1933 1750 2014 functiones
1816 1934 2402 2037 concipiantur,
2506 1936 2685 2036 quia
2772 1938 3062 2017 functio
3156 1940 3497 2037 ipsarum
3582 1966 3639 2039 y

463 2077 544 2140 et
621 2088 678 2143 z
754 2088 898 2167 per
979 2062 1506 2163 aequationem
1590 2064 1689 2139 ad
1791 2063 2260 2141 functionem
2357 2063 2701 2164 ipsarum
2800 2092 2864 2139 a:
2961 2078 3041 2142 et
3132 2090 3191 2164 y
3283 2070 3635 2145 revocari

460 2202 758 2289 potest,
857 2192 922 2270 si
999 2190 1289 2269 scilicet
1364 2191 1533 2268 loco
1619 2214 1674 2266 z
1752 2214 1930 2268 suus
2012 2190 2233 2267 valor
2295 2210 2439 2289 per
2504 2216 2568 2265 a:
2633 2204 2709 2266 et
2769 2214 2826 2289 y
2891 2216 3297 2291 expressus
3364 2195 3635 2271 substi-

457 2330 740 2397 tuatur.

1659 2548 2194 2628 Scholion
2343 2558 2407 2622 1.

785 2702 928 2774 24.
1065 2698 1240 2775 Hac
1309 2697 1812 2774 variationurn
1897 2694 2364 2771 institutione
2449 2696 2594 2771 erit
2676 2700 3078 2788 utendum,
3181 2700 3241 2773 si
3310 2702 3627 2799 superfi-

457 2825 616 2903 cies
696 2824 928 2902 fuerit
1003 2823 1575 2927 investiganda,
1674 2845 1872 2923 quae
1951 2820 2261 2896 maximi
2351 2819 2738 2900 minimive
2824 2822 3188 2923 quapiam
3270 2827 3623 2928 proprie-

453 2964 613 3030 tate
681 2951 780 3028 sit
845 2951 1242 3048 praedita,
1319 2951 1936 3051 quandoquidem
2001 2935 2410 3024 calculum'
2450 2963 2609 3026 turn
2680 2951 2783 3026 ita
2852 2949 3116 3026 instrui
3183 2970 3483 3052 oportet
3550 2971 3631 3028 ut

451 3077 730 3156 eadem
795 3075 1235 3177 proprietas
1303 3075 1381 3153 in
1445 3075 1890 3180 superficies
1955 3072 2058 3151 illi
2121 3057 2507 3174 proximas
2576 3100 2669 3154 ac
2735 3075 3071 3154 variatas
3122 3101 3362 3177 aeque
3410 3104 3623 3156 com-

449 3215 694 3306 petat.
821 3203 1124 3280 Deinde
1189 3228 1362 3280 cum
1431 3205 1507 3278 in
1568 3200 1836 3304 =curvis
1912 3199 2221 3278 maximi
2300 3201 2685 3281 minimive
2763 3205 3241 3305 proprietate
3322 3209 3629 3305 praedi-

450 3333 548 3407 tis
631 3332 1026 3407 amborum
1108 3331 1606 3408 terminorum
1685 3327 1886 3406 ratio
1970 3327 2396 3428 praescribi
2476 3332 2761 3424 soleat,
2884 3344 2969 3405 ut
3063 3330 3184 3406 vel
3266 3329 3345 3408 in
3426 3333 3622 3410 datis

449 3457 798 3558 punctis,
864 3457 988 3533 vel
1057 3455 1158 3533 ad
1221 3458 1447 3537 datas
1516 3457 1758 3534 lineas
1834 3475 2156 3546 curvas,
2239 3452 2364 3528 vel
2435 3455 2632 3532 adeo
2697 3454 3143 3556 superficies
3209 3461 3621 3536 terminen-

450 3607 614 3678 tur,
713 3579 975 3662 similis
1065 3583 1402 3662 conditio
1483 3583 1604 3659 hic
1688 3590 1806 3657 est
1884 3579 2394 3671 admittenda,
2491 3595 2573 3656 ut
2650 3580 3093 3681 superficies
3176 3587 3618 3680 quaerenda

451 3711 1041 3808 circumquaque
1119 3709 1556 3801 definiatur,
1655 3707 1778 3781 vel
1859 3705 2042 3782 data
2122 3707 2451 3802 quadarn
2546 3709 2955 3809 superficie
3038 3707 3617 3789 circumscriba-

449 3857 616 3932 tur;
681 3839 894 3940 cujus
959 3835 1412 3946 posterioris
1480 3815 1938 3914 conditionis
2005 3844 2088 3909 ut
2153 3830 2354 3908 ratio
2417 3835 2686 3909 haberi
2747 3835 3026 3935 possit,
3107 3835 3414 3912 omnino
3481 3863 3613 3914 ne-

447 3988 670 4046 cesse
738 3984 896 4052 est,
990 3975 1072 4040 ut
1153 3961 1504 4042 omnibus
1582 3959 1823 4037 tribus
1909 3957 2380 4036 coordinatis
2459 3963 2927 4040 variationes
2992 3962 3615 4065 generanssimae

447 4120 500 4172 a
564 4115 648 4172 se
713 4090 1066 4168 invicem.
1099 4089 1540 4188 neutiquam
1603 4089 2034 4191 pendentes
2094 4087 2575 4180 tribuantur,
2664 4112 2819 4186 quo
2899 4112 3041 4166 eae
3106 4088 3472 4190 deinceps
3538 4093 3614 4166 in

443 4235 800 4299 extrema
863 4238 1004 4294 ora
1065 4216 1168 4293 ad
1233 4237 1592 4295 naturam
1661 4203 2098 4314 superficiei
2167 4212 2686 4306 terminantis,
2792 4215 3362 4292 accommodari
3429 4243 3612 4324 que·

445 4365 610 4426 ant.
763 4344 918 4423 Hic
979 4341 1282 4442 quidem
1349 4343 1738 4422 fatendum
1803 4353 1962 4436 est,
2039 4341 2483 4420 methodum
2546 4340 3053 4419 maximorum
3118 4356 3199 4419 et
3260 4341 3610 4420 minimo-

435 4499 612 4553 rum
678 4472 808 4550 vix
865 4473 1130 4566 adhuc,
1179 4471 1279 4552 ad
1346 4468 1776 4574 hujusmodi
1839 4467 2465 4571 investigationes
2532 4491 2703 4548 esse
2765 4482 3249 4570 promotam,
3316 4483 3611 4547 tantas·-

437 4626 600 4702 que
676 4599 1148 4678 difficultates
1227 4600 1355 4678 hic·
1434 4621 1888 4689 occurrere,
1987 4599 2088 4675 ad
2169 4619 2358 4694 quas
2441 4598 2919 4696 superandas
3000 4597 3241 4674 multo
3308 4600 3607 4698 majora
