4861 5775
1735 386 2192 463 CAPUT
2337 388 2400 463 1.
2488 394 2493 405 '
3342 404 3512 473 325

481 596 568 659 ut
661 606 810 657 una
909 581 1270 679 pluresve
1351 578 1824 656 variabilium
1909 606 2004 657 ex
2085 582 2515 681 hujusmodi
2596 585 2943 661 formulis
3026 558 3647 666 diss'erentialibus

483 732 806 815 prorsus
876 708 1274 782 excedant.

1648 962 2214 1078 Scholion
2365 976 2435 1039 1.

815 1170 1022 1239 433.
1151 1160 1358 1237 Nihil
1438 1159 1692 1235 etiam.
1735 1159 2106 1259 impedit,
2189 1162 2597 1261 quominus
2662 1163 3043 1261 quantitas
3106 1190 3157 1241 v
3222 1180 3305 1243 ut
3370 1170 3657 1257 iunctio

485 1290 712 1365 trium
780 1288 1258 1364 variabilium
1317 1312 1406 1379 x,
1467 1310 1526 1385 9
1593 1308 1675 1362 et
1737 1312 1791 1362 z
1853 1288 2191 1386 spectari
2257 1292 2523 1388 possit,
2590 1290 2888 1368 etiamsi
2954 1294 3151 1369 sorte
3216 1294 3409 1370 duas
3485 1312 3651 1371 tan·

487 1430 646 1493 tum
711 1416 1077 1509 involvat,
1145 1417 1326 1490 dum
1371 1409 1690 1491 ‘scilieet
1750 1413 1948 1489 ratio
2017 1416 2593 1517 compositionis
2660 1418 2763 1492 ita
2832 1440 2953 1494 est
3019 1434 3506 1519 comparata,
3572 1436 3655 1496 ut

488 1542 712 1619 tertia
787 1544 1004 1639 quasi
1087 1567 1273 1619 casu
1351 1511 1820 1633 excesserim
1919 1542 2132 1640 quod
2211 1567 2308 1619 eo
2391 1542 2639 1618 minus
2717 1555 2835 1621 est
2894 1546 3323 1621 mirandum
3362 1604 3383 1639 ,
3482 1571 3655 1623 cum

487 1652 724 1745 idem·
778 1669 854 1743 in
956 1668 1468 1744 functionibus
1559 1666 1718 1741 tam
1781 1658 2038 1745 *unius
2105 1693 2334 1766 quam
2396 1669 2719 1745 duarum
2786 1670 3267 1745 variabilium
3346 1672 3653 1749 evenire

489 1794 756 1897 possit.
888 1795 1265 1889 Quoniam
1333 1792 1534 1870 enim
1599 1792 2024 1871 functiones
2087 1795 2312 1871 unius
2377 1795 2763 1875 variabilis
2832 1797 3447 1875 commodissime
3510 1823 3654 1898 per

495 1922 922 2023 applicatas
1019 1906 1444 2023 cujuspiam
1544 1920 1788 1995 lineae
1873 1944 2153 1997 curvae
2227 1922 2801 2024 repraesentari
2886 1924 3187 2015 solent,
3285 1924 3656 2023 siquidem

489 2074 638 2149 pro
721 2072 1009 2124 curvae
1087 2061 1364 2123 natura
1441 2045 1874 2147 applicatae
1942 2049 2104 2149 ejus
2167 2026 2256 2125 ut‘
2313 2062 2575 2125 certae
2641 2049 3070 2125 functiones
3136 2052 3525 2127 abscissae
3592 2079 3655 2125 :c

493 2174 829 2275 spectari
874 2188 1282 2275 -possunt,
1379 2198 1562 2253 casu
1645 2198 1796 2271 quo
1879 2174 2078 2250 linea
2162 2199 2400 2253 curva
2468 2174 2624 2251 abit
2688 2176 2765 2249 in
2826 2176 3105 2251 lineam
3170 2189 3466 2252 rectam
3535 2178 3655 2251 axi

491 2302 962 2401 parallelam,
1031 2302 1173 2377 etsi
1241 2317 1398 2377 tum
1465 2300 1850 2400 applicata
1891 2302 2291 2400 quantitati
2340 2303 2723 2379 constanti
2779 2314 3179 2399 aequatur,
3232 2316 3655 2403 propterea

493 2442 752 2504 tamen
828 2452 924 2503 ex
1003 2428 1131 2502 illa
1193 2428 1370 2503 idea
1436 2417 1830 2529 generali,
1925 2450 2078 2525 qua
2143 2442 2230 2504 ut
2294 2428 2581 2505 functio
2652 2428 3037 2503 abscissae
3102 2450 3168 2498 x·
3234 2442 3653 2527 spectatur,

491 2554 926 2652 neutiquam
1011 2554 1490 2647 excluditur3
1571 2578 1822 2650 neque
1899 2554 2102 2627 enim
2185 2553 2248 2631 si
2326 2566 2744 2651 quaeratur
2785 2610 2807 2645 ,
2902 2552 3143 2650 qualis
3210 2552 3307 2629 sit
3374 2553 3659 2629 functio

491 2705 546 2778 9
609 2680 844 2781 ipsius
913 2680 1046 2753 x?
1123 2681 1548 2780 incongrue
1615 2676 1678 2755 is
1741 2680 2220 2779 respondere
2283 2692 2404 2755 est
2473 2680 2927 2771 censendus,
2990 2678 3118 2776 qui
3182 2677 3389 2755 dieat
3456 2682 3655 2754 hanc

495 2808 954 2883 functionem
1019 2780 1074 2902 9
1143 2806 1452 2904 aequari
1515 2804 1915 2903 quantitati
1981 2805 2389 2881 constanti.
2526 2806 2757 2901 Quod
2824 2805 3099 2881 deinde
3166 2804 3265 2879 ad
3333 2806 3659 2881 functIO-

498 2958 636 3011 nes
705 2932 1056 3010 binarum
1121 2931 1594 3008 variabilium
1660 2958 1725 3006 x
1791 2946 1868 3007 et
1931 2957 1988 3028 9
2052 2933 2374 3024 attinet,
2460 2955 2649 3030 quas
2718 2954 3028 3028 semper
3087 2950 3230 3032 p'er
3292 2931 3655 3006 interval·
3714 3009 3725 3016 ,

497 3065 626 3152 la,
711 3059 980 3157 quibus
1047 3059 1344 3158 singula
1407 3057 1812 3160 cujusdam*
1849 3057 2292 3157 ¹superficiei
2357 3072 2641 3158 puncta
2708 3083 2754 3134 a
2821 3059 3174 3156 quopiam
3242 3058 3477 3157 plano
3544 3057 3656 3132 di-

503 3199 732 3278 stant,
801 3201 1392 3284 repraesentare
1459 3184 1659 3278 licet,
1725 3185 1906 3260 dum
1972 3185 2200 3260 binae
2262 3185 2675 3262 variabiles
2741 3211 2807 3260 x
2871 3199 2951 3261 et
3010 3210 3069 3283 9
3134 3186 3210 3260 in
3276 3187 3421 3260 hoe
3492 3186 3659 3284 pla-

498 3337 600 3388 no
687 3311 1182 3408 accipiuntur,
1259 3311 1745 3388 manifestum
1826 3322 1946 3388 est
2023 3311 2290 3408 'utique
2376 3312 2857 3410 superficiem
2937 3311 3043 3386 ita
3126 3323 3655 3410 comparatam

501 3463 672 3515 esse
736 3462 963 3538 posse
999 3496 1020 3532 ,
1094 3457 1184 3513 ut
1247 3437 1535 3514 functio
1599 3437 1968 3530 iila,·vel
2031 3461 2174 3534 per
2243 3437 2481 3512 solam
2545 3461 2633 3527 x,
2703 3437 2825 3511 vel
2890 3460 3036 3533 per
3099 3437 3338 3512 solam
3400 3461 3459 3534 9
3525 3436 3655 3511 de·
3733 3515 3745 3520 ,

499 3567 966 3642 terminetur.
1100 3561 1304 3656 Quin
1367 3563 1597 3640 etiam
1673 3562 1740 3638 si
1805 3561 2245 3661 superficies
2303 3561 2529 3635 fuerit
2599 3561 2827 3657 plana
2893 3561 3187 3661 ipsique
3252 3561 3355 3634 ini
3423 3562 3653 3661 plano

499 3693 870 3793 parallela
904 3750 926 3782 ‚
1025 3689 1316 3768 functio
1394 3690 1556 3764 illa·
1592 3687 1789 3764 adeo
1861 3687 2020 3762 abit
2083 3686 2162 3762 in
2227 3687 2731 3784 quantitatem
2800 3701 3345 3782 constantem-3
3408 3713 3656 3784 neque

497 3837 920 3920 propterea
973 3795 1266 3892 ‘minus
1362 3837 1728 3912 tanquam
1811 3814 2099 3890 functio
2178 3814 2531 3890 binarum
2615 3814 3093 3892 variabilium
3182 3814 3655 3890 considerari

501 3947 834 4022 debebit.
969 3943 1511 4038 Quamobrem,
1544 3941 1771 4018 etiam
1840 3943 2147 4038 quando
2213 3942 2573 4016 tractatio
2647 3943 2855 4017 clrca
2920 3941 3349 4018 functiones
3430 3939 3658 4017 trium

499 4071 974 4147 variabilium
1039 4083 1391 4145 versatur
1425 4129 1446 4160 ,
1511 4068 1587 4142 in
1647 4093 1742 4144 eo
1811 4091 2094 4167 genere
2161 4068 2400 4156 etiam,
2459 4069 2829 4169 ejusmodi
2902 4057 3323 4144 functiones
3352 4125 3371 4158 ,
3458 4089 3655 4164 quae

501 4211 796 4274 tantum
879 4197 1002 4270 vel
1083 4220 1225 4294 per
1303 4194 1524 4270 binas
1606 4195 1728 4269 vel
1791 4195 2091 4268 unicam
2159 4193 2382 4268 trium
2446 4193 2917 4268 variabilium
2986 4217 3073 4286 x,
3137 4215 3193 4289 9
3260 4216 3337 4289 et
3402 4215 3455 4266 z
3520 4191 3669 4294 deq

503 4325 1034 4411 terminantur,
1103 4321 1223 4396 vel
1291 4321 1487 4398 adeo
1555 4320 1769 4418 ipsae
1840 4319 2539 4422 sunt'quantitates
2609 4329 3078 4394 constantes,
3215 4327 3223 4336 '
