4861 5775
1432 419 1549 495 2⁸
2577 399 3025 486 CAPUT
3147 397 3216 484 1.

1312 641 1377 714 Ὗ
1447 663 1539 716 ⁶¹
1606 637 1791 715 ὅθί·
1858 655 2315 736 quacunque
2390 633 2772 716 relatione
2845 637 3120 718 harum
3181 622 3512 721 duarum
3575 635 4070 722 formularum
4133 591 4326 754 (ἐξ)
4387 635 4478 709 et

1302 749 1491 919 (ἐξ)
1584 799 1705 864 est
1796 782 2245 860 difinienda.
2376 779 2680 858 Relatio
2779 797 3032 864 autem
3123 789 3318 870 haec
3405 812 3554 891 per
3643 781 4180 886 aequationem
4273 780 4478 856 inter

1310 933 1497 1012 istas
1564 936 1929 1012 formulas
1993 944 2074 1009 et
2134 925 2356 1006 binas
2416 923 2830 1009 variabiles
2893 955 2962 1007 x
3021 944 3102 1010 et
3160 955 3222 1034 y
3251 991 3276 1032 ,
3359 959 3590 1036 quam
3651 931 3888 1011 etiam
3948 929 4119 1032 ipsa
4185 923 4474 1010 functio

1307 1061 1661 1160 quaesita
1720 1061 1787 1136 V
1853 1056 2151 1160 ingredi
2214 1063 2481 1156 potest
2507 1109 2533 1157 ,
2629 1058 3078 1157 exprimitur
3115 1115 3138 1154 ,
3240 1083 3336 1138 ex
3399 1061 3610 1164 cujus
3674 1055 4152 1159 aequationIs
4213 1056 4476 1136 indole
4545 1089 4554 1098 ·

1302 1187 1577 1266 divisio
1638 1184 2123 1294 tractationis
2188 1177 2337 1259 erit
2398 1181 2760 1282 petenda.
2889 1185 3290 1264 Problema
3355 1187 3651 1266 seilicet
3711 1183 4072 1295 generale
4091 1240 4116 1279 ,
4175 1183 4255 1262 in
4320 1208 4478 1283 quo

1303 1315 1681 1396 solvendo
1750 1305 1899 1392 ista
1960 1309 2203 1391 sectio
2270 1317 2393 1386 est
2457 1321 2889 1410 occupata,
2951 1310 3062 1400 ita
3125 1335 3212 1392 se
3273 1313 3550 1410 hahet,
3611 1327 3698 1392 ut
3757 1336 3858 1390 ea
3905 1310 4272 1392 binarum
4335 1335 4478 1388 η-

1302 1443 1681 1520 riabilium
1754 1465 1823 1518 x
1888 1457 1969 1516 et
2028 1460 2088 1538 y
2166 1433 2462 1515 functio
2526 1433 2595 1510 V
2673 1433 3103 1526 inveniatur
3128 1495 3152 1536 ,
3250 1463 3452 1540 quae
3535 1438 3962 1528 satisfaciat
4039 1437 4482 1537 aequationi

1304 1587 1767 1687 cuicunque·
1824 1583 2027 1662 inter
2125 1575 2590 1681 quantitates
2683 1609 2754 1659 x
2781 1639 2816 1678 ,
2887 1609 2950 1684 y
2983 1643 3008 1680 ,
3085 1584 3154 1662 V
3183 1640 3211 1682 ‚
3288 1549 3490 1708 (Ξ-Ϊῇ
3564 1597 3644 1666 et
3721 1549 3904 1718 (ἐξ)
4001 1584 4482 1688 propositae.

1305 1731 1607 1829 Quodsi
1668 1729 1749 1808 in
1814 1733 2019 1808 hanc
2086 1723 2629 1826 aequationem
2685 1725 2929 1806 altera
2993 1741 3292 1812 tantum
3353 1734 3706 1814 binarum
3773 1729 4270 1820 formularum
4329 1697 4483 1804 ’(Ῑῑε.

1302 1877 1813 1956 ferentialium
1880 1844 2066 1996 (ἐξ)
2144 1871 2270 1950 vel
2339 1833 2538 2004 (ἐξ)
2621 1862 3098 1976 ingrediatur
3121 1933 3180 1976 ,0
3239 1877 3610 1960 resolutio
3679 1903 3842 1958 non
3921 1890 4040 1984 est
4119 1876 4434 1953 difficilis
4457 1933 4484 1970 ,

1306 2038 1542 2123 atque
1610 2023 1714 2100 ad
1778 2046 2045 2100 casum
2126 2017 2682 2116 aequationum
2745 2013 3367 2104 differentialium
3429 2025 3621 2102 duas
3699 2036 3996 2104 tantum
4071 2021 4486 2128 variabiles

1302 2150 1851 2240 involventium
1914 2143 2364 2239 reducitur;
2461 2143 2772 2244 quando
2839 2159 3098 2228 autem
3161 2154 3438 2230 ambae
3503 2149 3696 2232 istae
3762 2149 4138 2230 formulae
4204 2148 4284 2226 in
4347 2171 4486 2224 ae-

1304 2277 1671 2377 quatione
1732 2275 2139 2377 proposita
2200 2269 2527 2362 insunt,
2617 2271 2972 2370 quaestio
3037 2275 3277 2355 multo
3343 2277 3592 2382 magis
3657 2287 3778 2354 est
3842 2278 4085 2354 ardua
4150 2300 4244 2352 ac
4309 2295 4486 2351 sae·

1305 2427 1733 2508 penumero
1799 2427 1897 2480 ne
1958 2396 2243 2486 resolvi
2326 2397 2638 2497 quidem
2703 2410 2966 2498 potest
2993 2457 3018 2496 ,
3115 2403 3426 2484 etiamsi
3505 2385 3874 2482 resolutio
3941 2400 4488 2501 aequationum

1306 2529 1927 2608 differentialium
1992 2529 2187 2604 duas
2248 2535 2550 2600 tantum
2611 2523 3030 2628 variabiles
3095 2527 3770 2633 complectentium
3831 2527 4278 2609 admittatur
4299 2551 4324 2602 ε
4403 2527 4490 2604 in

1304 2661 1459 2735 hoe
1524 2656 1733 2735 enim
1790 2653 2101 2759 negotio
2138 2705 2165 2748 ,
2256 2649 2560 2750 quoties
2623 2650 3176 2732 resolutionem
3255 2656 3358 2739 ad
3420 2655 4016 2758 integrationem
4093 2653 4490 2754 aequatio·

1304 2805 1493 2862 num
1570 2781 2191 2866 differentialium
2268 2775 2473 2854 inter
2553 2775 2750 2854 duas
2822 2779 3234 2860 variabiles
3297 2785 3676 2864 reducere
3753 2782 3936 2862 licet
3967 2838 3996 2879 ,
4080 2779 4496 2884 problema

1312 2936 1463 3015 pro
1544 2912 1891 2991 resoluto
1977 2908 2127 2987 erit
2202 2903 2666 2987 habendum.
2803 2906 3008 2985 Cum
3072 2908 3304 3013 igitur
3381 2936 3480 2993 ex
3558 2910 4017 3010 aequatione
4081 2906 4496 3011 proposita

1308 3060 1637 3137 formula
1680 3023 1859 3191 (ἐξ)
1904 3064 2273 3156 aequetur
2320 3048 2692 3129 fianctioni
2736 3060 3124 3155 utcunque
3173 3082 3272 3137 ex
3303 3056 3848 3159 quantitatibus
3869 3078 3962 3150 x,
3987 3074 4072 3153 y,
4099 3052 4170 3130 V
4204 3062 4286 3130 et
4321 3018 4498 3174 (ἶέ)

1311 3203 1693 3283 conflatae
1716 3262 1739 3301 ,
1804 3229 1901 3282 ex
1963 3202 2219 3282 indole
2284 3197 2510 3305 hujus
2575 3198 3026 3297 functionis,
3090 3216 3330 3305 prout
3389 3202 3620 3283 fuerit
3681 3200 4145 3305 simplicior,
4219 3216 4303 3281 et
4362 3202 4496 3279 vel

1310 3350 1585 3453 solam·
1640 3346 2051 3451 formulam
2122 3312 2307 3468 (ἓξ)
2346 3402 2370 3437 ,
2469 3344 2594 3422 vel
2665 3354 2990 3447 praeter
3063 3368 3243 3425 eam
3329 3348 3641 3429 unicam
3721 3374 3822 3429 ex
3897 3346 4210 3449 reliquis
4243 3404 4270 3443 ,
4361 3350 4496 3427 vel

1306 3492 1543 3574 etiam
1608 3491 1830 3569 binas
1848 3548 1871 3591 ,
1934 3494 2063 3571 vel
2124 3492 2325 3602 adeo
2390 3516 2658 3589 omnes
2723 3494 3377 3595 comprehendat,
3437 3496 3976 3576 tractationem
4039 3506 4498 3593 sequentem

1309 3619 1869 3700 distribuemus.
1998 3602 2179 3699 Hoc
2248 3620 2454 3701 enim
2530 3619 2802 3700 ordine
2867 3606 3184 3701 servato
3259 3621 3619 3704 facillime
3690 3620 4104 3722 apparebit
4130 3673 4156 3716 ,
4241 3640 4496 3717 quan·

1310 3758 1471 3835 tum
1538 3747 1791 3827 adhue
1853 3758 2259 3847 praestare
2325 3750 2580 3847 liceat,
2643 3764 2726 3827 et
2785 3759 3154 3848 quantum
3218 3750 3473 3829 adhue·
3531 3748 4030 3828 desideretur.
4131 3744 4495 3823 Praeter-

1310 3898 1411 3965 ea
1472 3896 1665 3953 vero
1730 3873 2103 3959 nonnulla
2170 3876 2514 3955 subsidia
2587 3874 2804 3957 circa
2853 3876 3626 3978 *transformationem
3703 3874 4060 3955 binarum
4123 3870 4493 3953 formula-

1311 4024 1485 4087 rum
1544 4000 2164 4093 differentialium
2226 4004 2333 4095 ad
2396 4002 2592 4092 alias
2653 4001 3068 4085 variabiles
3125 4002 3588 4109 exponenda
3647 4012 4089 4087 occurrent·

2062 4255 2542 4341 Divisio
2635 4260 2988 4365 liujtts
3097 4258 3764 4395 sectionis..

1452 4428 1469 4471 “’
1580 4423 1759 4522 QUO
1822 4437 2093 4529 partes
2126 4484 2153 4521 ‚
2216 4452 2409 4531 quas
2475 4428 2556 4509 in
2620 4434 2772 4511 hac
2835 4428 3184 4509 sectione
3245 4428 3713 4532 pertractari
3775 4428 4186 4525 conveniet
4217 4484 4242 4525 ,
4329 4428 4500 4517 ela-2

1313 4555 1475 4647 aa·
1528 4552 1991 4659 :contractui
2044 4568 2556 4669 exponantur,
2617 4556 2988 4677 quoniam
3053 4558 3206 4647 hae
3247 4556 3744 4665 questione·
3783 4556 3998 4651 circa
4057 4552 4500 4658 musas.
