4861 5775
1731 498 2177 575 CAPUT
2311 498 2366 579 r
2924 573 2938 589 ,
3306 520 3511 597 695

1539 670 2347 769 corollarium
2493 704 2569 769 3.

798 864 940 935 34.
1072 858 1471 942 Hactenus
1537 882 1726 961 ergo
1797 860 2050 935 omnia
2115 860 2440 961 perinde
2523 886 2607 939 se
2676 864 2961 943 habent
3045 879 3272 967 atque
3337 872 3416 949 in
3483 879 3643 953 cal

448 989 640 1113 =culo
709 982 1192 1063 differentiali
1229 1042 1250 1079 ,
1349 1014 1444 1063 ac
1512 990 1576 1063 si
1641 989 1704 1061 V
1775 986 2004 1065 fuerit
2081 989 2371 1065 functio
2439 1015 2938 1091 quaecunque
3022 995 3367 1093 ipsarum
3434 1028 3523 1095 x,
3586 1030 3643 1105 y

470 1130 548 1193 et
592 1141 667 1208 z,
737 1131 989 1210 sumto
1059 1089 1222 1215 ejus
1289 1100 1772 1192 differentiali
1837 1140 2049 1192 more
2115 1118 2338 1194 solito
2388 1101 2679 1195 tantum
2746 1122 3021 1224 ubique
3090 1122 3264 1202 loco
3332 1120 3385 1211 ὃ
3450 1133 3639 1209 scri-

469 1246 693 1324 batur
758 1226 845 1332 δ,
913 1262 991 1321 et
1055 1218 1454 1321 habebitur
1511 1243 1686 1363 Ηεῂιε
1751 1243 2074 1323 variatio
2144 1234 2284 1327 BV.

1657 1480 2220 1560 Scholion
2370 1492 2439 1560 l.

801 1662 944 1732 35.
1063 1654 1384 1747 Quoties
1453 1677 1638 1754 ergo
1707 1654 1774 1725 V
1837 1668 1956 1731 est
2021 1654 2312 1731 functio
2377 1680 2875 1755 quaecunque
2942 1657 3441 1753 quantitatum
3510 1685 3647 1739 va·

471 1787 846 1867 riabilium
919 1794 1026 1861 'x
1065 1838 1094 1877 2
1187 1807 1245 1879 y
1297 1840 1318 1873 ‚
1417 1806 1472 1875 {z
1518 1840 1539 1873 ‚
1647 1782 1811 1882 ejus
1907 1781 2234 1858 variatio
2327 1782 2591 1861 iisdem
2711 1784 2989 1885 regulis
3082 1784 3257 1861 inde
3348 1787 3647 1866 elicitur

475 1942 568 1995 ac
667 1910 1171 1988 differentiale
1269 1911 1432 2010 ejus
1485 1964 1506 1999 ,
1609 1932 1702 1983 ex
1801 1932 1954 2005 quo
2038 1909 2372 1986 calculus
2470 1910 2977 1987 variationurn
3070 1934 3391 2010 prorsus
3470 1940 3647 1993 cum

473 2042 769 2121 calculo
838 2034 1320 2113 differentiali
1389 2058 1820 2136 congruere
1889 2035 2131 2111 videri
2201 2049 2523 2135 posset,
2590 2062 2765 2113 cum
2833 2038 2999 2115 sola
3066 2038 3260 2137 signi
3328 2040 3646 2120 diversi-

476 2188 596 2250 tas
663 2167 850 2243 levis
917 2164 1015 2242 sit
1080 2163 1467 2239 momenti.
1602 2163 1880 2237 Verum
1921 2165 2166 2259 probe
2203 2163 2838 2263 perpendendum
2886 2175 3028 2258 est,
3096 2162 3218 2238 hic
3281 2189 3436 2242 non
3484 2192 3648 2246 otn-

471 2323 612 2375 nes
675 2292 1138 2395 quantitates
1174 2349 1195 2381 ,
1263 2314 1589 2387 quarum
1657 2290 2126 2367 variationes
2195 2292 2683 2389 requiruntur
2718 2350 2739 2384 ,
2822 2291 2897 2365 in
2968 2314 3252 2391 genere
3320 2292 3645 2371 functio-

475 2450 654 2504 num
725 2419 1269 2518 comprehendi
1337 2440 1626 2515 posse3
1723 2420 2226 2514 quamobrem
2313 2417 2541 2494 etiam
2625 2418 2707 2493 in
2771 2416 3203 2493 definitione
3268 2420 3646 2500 vocabulo

476 2546 991 2653 expressionis
1079 2569 1242 2621 sum
1325 2567 1504 2621 usus
1540 2602 1564 2635 ‚
1661 2546 1781 2619 cui
1869 2547 2098 2645 longe
2186 2538 2637 2643 ampliorem
2718 2538 3229 2645 significatum
3296 2547 3649 2625 attribuo.

479 2680 880 2775 Quatenus
949 2670 1149 2748 enim
1219 2672 1316 2746 ad
1383 2669 1836 2746 relationem
1921 2685 2262 2747 mutuam
2328 2669 2805 2775 variabilium
2888 2668 3279 2769 respicere
3344 2695 3502 2749 non
3566 2674 3651 2751 li·

479 2820 627 2898 cet,
695 2802 872 2902 quia
939 2812 1056 2874 est
1121 2797 1550 2898 incognita,
1617 2810 1932 2874 eatenus
1999 2797 2370 2901 ejusmodi
2440 2796 2978 2898 expressiones
3047 2818 3183 2873 seu
3254 2796 3665 2897 formulae,

477 2938 558 3012 in
626 2954 818 3033 quas
884 2923 1358 3001 variabilium
1427 2925 1962 3002 differentialia
2041 2939 2270 3022 atque
2335 2927 2565 3002 etiam
2630 2923 3033 3026 integralia
3099 2924 3652 3026 ingrediuntur,

479 3087 638 3140 non
704 3054 1028 3158 amplius
1097 3053 1478 3149 tanquam'
1526 3075 1788 3127 merae
1855 3052 2287 3130 functiones
2356 3051 2834 3128 variabilium
2901 3053 3238 3151 spectari
3306 3069 3653 3154 possunt,

480 3165 1137 3267 iae'formularum
1226 3178 2065 3257 tam'diff'erentialium
2147 3203 2375 3278 quam
2454 3181 2936 3282 integralium
3022 3177 3347 3255 variatio
3416 3207 3654 3282 pecu-

477 3315 696 3395 liaria
789 3319 1210 3412 praecepta
1305 3309 1704 3408 postulat;
1803 3307 2060 3406 sicque
2160 3319 2405 3384 totum
2512 3305 2906 3408 negotium
2988 3307 3140 3383 hue
3219 3307 3477 3403 redit,
3576 3321 3661 3386 ut

482 3437 1122 3546 quemadmodum
1209 3435 1709 3510 formularum
1802 3435 2194 3534 utriusque
2279 3433 2585 3536 generis
2660 3431 3127 3509 variationes
3206 3432 3659 3536 investigari

485 3569 936 3660 conveniat,
1006 3566 1464 3654 doceamus,
1533 3587 1627 3638 ex
1693 3587 1844 3660 quo
1912 3561 2270 3637 tractatio
2342 3574 2608 3637 nostra
2676 3558 2933 3637 evadit
2998 3557 3383 3658 bipartita.

1693 3781 2244 3898 Scholion
2384 3831 2460 3896 2.

823 4007 964 4080 36.
1098 3997 1199 4072 In
1257 3997 1426 4096 ipsa
1495 3999 1748 4069 autem
1819 3992 2280 4072 tractatione
2359 3991 2764 4068 maximum
2846 3987 3182 4064 exoritur
3249 3984 3657 4061 discrimen

491 4160 585 4212 ex
647 4153 971 4211 numero
1038 4122 1548 4212 variabilium‚
1615 4119 1740 4216 qui
1810 4120 1870 4198 si
1941 4121 2312 4198 binarium
2383 4129 2715 4218 superet,
2785 4117 2906 4190 vix
2974 4115 3221 4188 adhuc
3287 4111 3661 4212 perspici-

485 4280 664 4357 tur,
775 4255 1154 4359 quomodo
1240 4251 1572 4328 calculus
1643 4249 1740 4324 sit
1805 4251 2348 4350 expediendus.
2488 4249 2679 4321 Cum
2748 4244 2943 4318 enim
3016 4240 3355 4340 pluribus
3423 4240 3662 4316 intro·

489 4393 738 4467 ductis
789 4381 1305 4472 variabilibus‚
1375 4377 1624 4456 etiam·
1671 4377 2284 4455 differentialium
2357 4371 2875 4451 consideratio
2938 4370 3175 4469 longe
3248 4366 3467 4443 aliter
3534 4391 3663 4443 ex-

486 4519 910 4623 pendatur,
995 4511 1172 4584 dum
1213 4497 1688 4610 plerumque
1757 4505 2104 4584 binarum
2173 4517 2471 4580 tantum
2543 4496 3069 4575 differentialia
3139 4494 3247 4570 ita
3310 4493 3509 4569 inter
3577 4517 3657 4569 se

493 4639 934 4742 compaiari
1003 4641 1224 4730 solet,
1293 4636 1512 4734 quasi
1577 4631 1918 4732 reliquae
1987 4635 2394 4712 variabiles
2462 4642 2865 4705 manerent
2930 4633 3391 4716 constantes,
3460 4619 3659 4696 simi·
3744 4661 3751 4668 ·

2828 4761 2868 4832 5
2895 4763 2936 4826 0
2977 4755 3013 4792 ·
