4861 5775
1755 376 1829 460 'e
1859 375 2215 462 Anu-¹⁴1²·
2317 379 2391 462 ι.
2767 461 2780 469 ,
3070 425 3084 438 -
3397 385 3519 488 πρ

462 575 843 662 binarum
904 587 1381 668 variabilium
1459 605 1869 674 versantur
1896 648 1921 689 ,
2016 591 2173 674 sint
2232 619 2303 672 x
2364 605 2450 672 et
2506 616 2566 694 9
2626 588 2852 671 binae
2917 589 3323 670 variabiles
3349 643 3382 684 ‚
3449 603 3534 666 et
3591 611 3648 663 z

466 731 757 790 earum
838 712 1127 794 functio
1200 729 1281 795 et
1355 718 1535 796 data
1614 721 1949 822 quadam
2010 719 2628 798 differentialium
2715 719 3090 798 relatione
3171 713 3646 808 definienda,

464 833 587 916 ita
654 825 743 920 ut
806 843 1155 948 aequatio
1218 843 1432 922 finita
1493 847 1695 923 inter
1756 873 1871 951 x,
1946 870 2007 948 9
2070 859 2148 950 et
2210 872 2267 923 z
2338 847 2794 958 requiratur.
2924 851 3304 925 Ponamus
3383 859 3645 920 autem

465 975 1302 1090 32--p3x-1-q3y
1338 1045 1361 1084 ,
1459 989 1567 1066 ita
1629 1003 1713 1068 ut
1790 991 1892 1070 sit
1968 1006 2293 1096 recepto
2356 991 2710 1098 signandi
2787 992 3014 1066 modo
3068 953 3452 1108 p:(}-
3352 973 3498 1106 {D
3565 997 3648 1063 et

467 1155 685 1234 ‘1:-
719 1099 867 1271 (33
825 1119 966 1244 ²⁵),
1042 1149 1270 1238 atque
1335 1138 1507 1216 ideo
1560 1157 1617 1234 p
1680 1148 1761 1212 et
1822 1159 1877 1240 q
1942 1135 2099 1243 sint
2162 1139 2538 1218 formulae
2605 1135 3152 1216 differentiales
3181 1189 3204 1231 ,
3295 1156 3497 1234 quae
3559 1128 3642 1208 in

460 1277 927 1363 relationem
1022 1279 1497 1384 propositam
1582 1277 2139 1388 ingrediantur.
2266 1283 2361 1384 111
2455 1305 2742 1386 genere
2799 1307 3034 1416 εει-ἦα
3121 1281 3400 1388 relatio
3487 1279 3641 1386 ista

466 1403 625 1484 erit
690 1406 1047 1509 aequatio
1126 1431 1629 1508 quaecunque
1708 1405 1911 1486 inter
1989 1409 2452 1514 quantitates
2507 1432 2594 1510 p,
2661 1435 2738 1514 q,
2799 1409 2904 1508 ἐς),
2957 1435 3017 1536 9
3093 1422 3174 1486 et
3233 1434 3289 1486 z
3349 1431 3637 1514 propo·

464 1531 642 1630 sita,
704 1550 935 1636 atque
999 1533 1199 1610 baec
1264 1535 1505 1614 sectio
1568 1535 1917 1635 perfecte
1984 1536 2550 1626 absolveretur,
2617 1535 2682 1614 si
2747 1523 3151 1614 methodus
3217 1543 3638 1630 constaret,

465 1681 565 1736 ex
628 1662 817 1739 data
880 1660 1340 1762 aequatione
1402 1685 1853 1762 quacunque
1920 1660 2121 1739 inter
2184 1665 2323 1742 has
2390 1661 2852 1762 quantitates
2903 1686 2986 1760 p,
3035 1686 3115 1766 q,
3180 1681 3267 1757 x,
3312 1683 3374 1762 9
3435 1673 3520 1740 et
3579 1683 3636 1736 z

462 1789 785 1864 eruendi
848 1788 1385 1888 aequationem
1450 1789 1648 1865 inter
1712 1815 1805 1878 x,
1866 1810 1927 1886 9
1986 1803 2067 1868 et.
2126 1813 2239 1883 κς
2335 1790 2546 1888 quod
2629 1807 2886 1866 autem
2951 1813 3126 1866 cum
3195 1787 3276 1864 in
3341 1808 3634 1890 genere

460 1935 565 1988 ne
632 1935 779 2014 pro
848 1913 1349 1994 functionibus
1414 1915 1721 2014 quidem
1783 1915 2056 1994 unicae
2123 1912 2512 1994 variabilis
2575 1915 2960 2016 praestari
3024 1913 3272 2015 possit
3299 1971 3322 2010 ,
3387 1915 3628 1990 multo

458 2037 711 2118 minus
775 2041 901 2121 hic
965 2053 1087 2120 est
1147 2043 1731 2142 expectandum,
1796 2064 1890 2118 ex
1956 2065 2105 2142 quo
2172 2065 2312 2120 eos
2373 2065 2599 2121 casus
2665 2053 2961 2120 tantum
3023 2039 3273 2118 evolvi
3339 2061 3656 2118 conve··
3752 2135 3760 2142 .

454 2163 619 2241 niet
658 2221 683 2259 ,
778 2167 911 2268 qui
973 2159 1537 2245 resolutionem
1597 2160 2025 2245 admittant.
2152 2169 2411 2250 Primo
2477 2181 2734 2246 autem
2815 2166 3176 2246 resolutio
3239 2164 3626 2268 succedit,

454 2289 525 2368 si
605 2291 687 2370 in
764 2293 1219 2392 aequatione
1302 2295 1707 2395 proposita
1780 2287 2025 2382 altera
2105 2295 2614 2388 formularum
2689 2290 3310 2374 differentialium
3375 2317 3436 2393 ρ
3500 2291 3628 2390 ϊςὶ,

452 2443 507 2518 q
574 2418 804 2515 plane
866 2420 1069 2500 desit
1100 2478 1128 2508 ,,
1213 2420 1323 2500 ita
1383 2433 1468 2500 ut
1531 2420 1884 2522 aequatio
1948 2419 2071 2500 vel
2136 2421 2373 2500 inter'
2398 2447 2482 2522 p,
2544 2447 2652 2518 x,
2713 2447 2774 2524 9
2835 2433 2918 2502 et
2977 2445 3034 2501 z
3093 2419 3220 2501 vel
3280 2417 3482 2528 inter
3544 2433 3624 2524 ᾳ,

444 2567 543 2636 x,
604 2567 667 2644 9
728 2559 810 2624 et
870 2573 923 2626 z
984 2558 1494 2650 proponatur.
1626 2549 1931 2627 Deinde
1996 2548 2498 2651 aequationes
2527 2606 2551 2643 ,
2630 2573 2830 2647 quae
2893 2547 3104 2626 solas
3164 2543 3392 2623 binas
3455 2545 3622 2624 for·

442 2673 706 2749 mulas
798 2671 1346 2753 differentiales
1426 2697 1487 2775 p
1564 2689 1645 2754 et
1723 2700 1776 2778 q
1854 2673 2307 2778 continent,
2398 2673 2508 2750 ita
2581 2695 2672 2750 ut
2748 2675 3000 2752 altera
3075 2671 3361 2750 debeat
3443 2695 3622 2754 esse

442 2796 743 2876 functio
822 2825 1327 2903 quaecunque
1414 2802 1727 2880 alterius
1745 2857 1773 2900 ,
1869 2800 2275 2878 commode
2338 2775 2734 2880 resolvere
2803 2798 3004 2878 licet.
3133 2799 3332 2876 Tum
3389 2797 3624 2905 igitur

437 2940 861 3024 aequentur
922 2929 1418 3029 aequationes
1448 2984 1473 3024 ,
1533 2952 1735 3031 quae
1793 2938 2111 3035 praeter
2177 2950 2239 3027 p
2285 2940 2367 3007 et
2412 2954 2470 3033 q
2530 2928 2840 3006 unicam
2901 2924 3408 3028 quantitatem
3449 2926 3657 3005 fini··

438 3061 813 3131 tarum-x
867 3056 993 3133 vel
1036 3075 1097 3155 9
1155 3056 1285 3134 vel
1346 3082 1403 3134 z
1462 3061 2103 3160 complectantur,
2164 3078 2263 3133 ex
2327 3080 2484 3156 quo
2547 3078 2836 3159 genere
2897 3052 3328 3157 eujusmodi
3389 3050 3619 3133 casus

428 3180 727 3257 resolvi
790 3196 1079 3293 queant
1147 3182 1575 3263 videamus.
1702 3185 1919 3263 Ordo
1982 3204 2231 3283 porro
2300 3182 2647 3285 postulat
2676 3240 2700 3281 ,
2761 3194 2850 3263 ut
2913 3180 3018 3258 ad
3086 3178 3615 3280 aquationes,

430 3328 643 3408 quae
726 3321 1043 3411 praeter
1135 3308 1357 3389 binas
1449 3312 1815 3391 formulas
1906 3308 2456 3389 differentiales
2535 3332 2597 3409 p
2687 3323 2769 3391 et
2830 3334 2884 3413 q
2975 3308 3294 3407 insuper
3385 3306 3612 3386 binas

428 3432 945 3532 quantitatum
1009 3436 1390 3518 finitarum
1424 3496 1447 3535 ,
1538 3440 1663 3517 vel
1725 3464 1793 3515 ,τ
1854 3448 1936 3516 et
1994 3456 2093 3538 9,
2155 3436 2283 3515 vel
2340 3460 2410 3513 ,τ
2474 3448 2556 3515 et
2614 3462 2701 3549 z,
2761 3436 2888 3515 vel
2950 3456 3012 3533 9
3075 3444 3156 3511 et
3219 3460 3304 3531 z,
3368 3436 3616 3512 invol-

418 3576 629 3638 vunt
650 3618 674 3657 ,
738 3562 1395 3667 progrediamur3
1470 3586 1567 3643 ac
1630 3564 1963 3665 denique
2023 3564 2123 3641 de
2185 3562 2644 3641 resolutione
2715 3560 3256 3663 aequationum
3338 3586 3610 3641 omnes

412 3684 733 3769 litteras
784 3716 882 3793 p,
926 3684 1041 3797 '‘1,
1108 3718 1195 3788 x,
1258 3716 1319 3793 9
1386 3701 1469 3770 et
1530 3716 1587 3771 z
1644 3686 2231 3797 implicandum,
2290 3710 2634 3795 agemus,
2697 3677 3034 3811 subsidia
3093 3691 3612 3771 transforma-

409 3814 667 3905 tionis
732 3818 1104 3939 deinceps
1166 3816 1616 3927 exposituri.
