4861 5775
1406 554 1577 627 482
2489 548 2942 629 CAPUT
3071 552 3242 669 vn.

2567 746 3158 827 Scholion.

1606 924 1813 1000 168.
1947 916 2281 1015 Quando
2368 935 2622 998 autem
2715 923 2914 998 ratio
3001 922 3411 1002 functionis
3491 950 3540 1001 z
3623 948 3778 1001 non
3865 936 4226 1017 constan
4323 952 4450 1003 ea·

1270 1074 1413 1147 que
1470 1028 1789 1125 'demum
1854 1072 1948 1125 ex
2013 1048 2454 1125 conditione
2521 1048 2960 1125 variationis
3027 1051 3194 1129 elici
3263 1052 3494 1129 debet
3529 1111 3550 1147 ,
3643 1053 3748 1129 ita
3812 1064 3897 1127 nt
3965 1054 4132 1153 ipsa
4199 1057 4448 1131 varia·

1270 1180 1375 1253 tio
1440 1162 1701 1254 &zzz
1738 1158 1795 1257 ω
1892 1176 2177 1253 nullam
2245 1177 2477 1275 plane
2547 1176 3264 1255 determinationem
3325 1160 3716 1281 patiatur,
3815 1182 4454 1280 quemadmodum

1268 1310 1352 1381 fit
1436 1304 1501 1383 si
1583 1304 1915 1383 formula
1973 1306 2135 1401 ss
2168 1296 2528 1399 vaxay
2607 1302 2948 1381 valorem
3037 1306 3450 1383 maximum
3533 1306 4024 1387 minimumve
4107 1308 4456 1389 obtinere

1272 1436 1625 1524 debeat3
1734 1447 1895 1508 tum
1974 1430 2287 1507 omnino
2369 1429 2890 1530 necessarium
2976 1444 3094 1509 est
3131 1488 3154 1525 ,
3269 1448 3356 1509 ut
3431 1434 3731 1535 singula
3810 1434 4264 1513 variationis
4345 1438 4454 1514 in·

1270 1574 1545 1639 ventae
1618 1540 2084 1659 dssvaby
2166 1559 2518 1635 membra
2595 1558 2703 1633 ita
2769 1557 3294 1657 reducantur,
3395 1573 3506 1637 ut·
3552 1562 3828 1660 ubique
3909 1576 4090 1663 post
4157 1562 4456 1663 signum

1268 1686 1800 1791 integrationis
1868 1683 2341 1786 duplicatum
2407 1710 2566 1761 non
2633 1684 2941 1761 valores
3007 1688 3556 1767 differentiales
3625 1690 4072 1767 variationis
4137 1672 4456 1773 32:oe

1274 1818 1411 1894 sed
1494 1818 1685 1891 haec
1770 1817 1941 1917 ipsa
2028 1812 2353 1891 variatio
2441 1828 2864 1907 occurrat3
2961 1814 3384 1917 cujusmodi
3465 1810 3920 1895 reductione
3987 1818 4150 1919 jam
4219 1841 4456 1919 supra

1275 1948 1352 2022 in
1436 1942 1783 2022 formulis
1867 1943 2087 2020 binas
2170 1956 2470 2019 tantum
2549 1939 2960 2019 variabiles
3031 1940 3594 2023 involventibus
3663 1968 3920 2021 sumus
3975 1952 4119 2023 usi.
4252 1945 4458 2023 Talis

1276 2086 1531 2149 autem
1596 2071 1943 2149 reductio
1975 2129 1997 2163 ‚
2104 2094 2281 2145 cum
2349 2093 2497 2169 pro
2565 2068 2913 2147 formulis
2994 2068 3488 2171 integralibus
3559 2070 3968 2171 duplicatis
4049 2075 4296 2153 minus
4365 2074 4464 2151 sit

1278 2211 1694 2295 consueta,
1775 2196 2343 2277 accuratiorem
2410 2196 2999 2295 explicationem
3065 2198 3429 2298 postulat.
3565 2200 3820 2292 Quem
3885 2200 3964 2277 in
4027 2204 4259 2278 finem
4325 2202 4460 2277 ob-

1276 2352 1509 2405 servo
1544 2384 1567 2421 ‚
1638 2324 2095 2429 ,hujusmodi
2160 2322 2606 2401 reductione
2677 2326 3064 2427 perveniri
3145 2326 3245 2399 ad
3315 2326 3686 2403 formulas
3753 2327 4202 2425 simpliciter
4269 2326 4461 2403 inte-

1278 2456 1573 2557 g1·ales‚·
1641 2454 1715 2530 in
1784 2456 2057 2551 quibus
2130 2452 2498 2553 alterutra
2563 2466 2860 2528 tantum
2929 2451 3442 2551 quantitatum
3505 2479 3573 2529 x
3639 2467 3717 2529 et
3779 2478 3838 2555 y
3903 2481 4048 2557 pro
4114 2456 4461 2534 variabili

1279 2584 1652 2658 habeatur
1688 2640 1711 2675 ,
1818 2580 2063 2657 altera
2130 2596 2243 2656 ut‘
2280 2594 2688 2657 constante
2755 2592 3159 2679 spectata,
3257 2582 3356 2659 ad
3440 2582 3644 2680 quod
3715 2582 4205 2661 indicandum
4238 2640 4270 2679 ,
4365 2606 4464 2661 ne

1280 2709 1501 2811 signa
1568 2724 1885 2809 praeter
1952 2706 2492 2786 necessitatem
2557 2689 3190 2807 multiplicentur,
3265 2708 3440 2787 talis
3507 2708 3762 2788 forma
3809 2704 4078 2812 sTDx
4143 2714 4463 2791 denota-

1280 2837 1391 2918 bit
1473 2836 1900 2940 integralae
1984 2836 2355 2914 formulae
2441 2832 2968 2914 differentialis
3048 2826 3268 2918 Tbx
3303 2895 3325 2928 ,
3425 2837 3606 2913 dum
3687 2839 4076 2937 quantitas
4167 2864 4224 2942 y
4317 2864 4464 2940 pro

1280 2966 1667 3042 constanti
1738 2965 2119 3056 habetur;
2216 2963 2588 3061 similique
2656 2965 2890 3040 modo
2968 2961 3542 3064 intelligendum
3623 2981 3742 3043 est
3823 2967 3902 3042 in
3983 2971 4130 3044 hac
4209 2970 4462 3046 forma

1263 3083 1519 3192 sTDy
1584 3091 1831 3170 solam
1900 3091 2401 3188 quantitatem
2464 3111 2523 3188 y
2586 3100 2669 3164 ut
2735 3089 3186 3166 variabilem
3251 3091 3779 3185 considerari,
3863 3095 4074 3195 quod
4133 3121 4234 3173 eo
4299 3119 4462 3172 ma-

1286 3219 1401 3322 gis
1468 3217 1963 3319 perspicuum
2026 3230 2196 3304 est,
2264 3239 2440 3292 cum
2505 3217 2653 3292 hac
2719 3216 3158 3293 conditione
3225 3216 3512 3296 omissa
3541 3275 3570 3312 ,
3639 3222 3788 3296 hae
3853 3221 4236 3302 formulae
4297 3223 4465 3300 nul-

1288 3349 1441 3426 lum
1510 3347 1741 3444 plane
1809 3341 2317 3446 significatum
2400 3356 2664 3422 essent
2725 3343 3158 3447 habiturae.
3287 3343 3563 3448 Neque
3645 3369 3839 3450 ergp
3921 3351 4000 3428 in
4065 3373 4467 3452 posterum

1290 3495 1493 3572 opus
1570 3486 1688 3551 est
1766 3469 2210 3563 declarari,
2305 3469 2369 3548 si
2435 3457 2502 3548 T
2581 3474 2852 3550 ambas
2932 3472 3342 3552 variabiles
3421 3497 3489 3548 x
3569 3486 3651 3552 et
3694 3461 3770 3573 'y
3863 3477 4466 3582 complectatur,

1282 3625 1457 3681 utra
1542 3625 1808 3678 earum
1890 3601 1967 3676 in
2052 3598 2401 3678 formulis
2487 3597 2984 3702 integralibus
3048 3598 3522 3700 simplicibus
3563 3605 3652 3700 s
3663 3602 3728 3678 T
3749 3593 3886 3698 dx
3953 3605 4072 3682 vel
4117 3597 4469 3706 sfrby,

1286 3731 1447 3810 sive
1530 3727 1915 3808 variabilis
2000 3725 2424 3826 accipiatur
2459 3784 2485 3822 ,
2587 3748 2810 3804 curn*
2849 3751 2944 3804 ea
3019 3710 3190 3805 soli
3217 3787 3240 3820 ‚
3340 3729 3554 3832 quus
3634 3729 4150 3812 differentiale
4213 3735 4470 3834 expri·
4601 3713 4613 3720 ’

1285 3859 1517 3934 mitur
1556 3915 1579 3946 ‚
1678 3880 1827 3956 pro
1927 3851 2273 3932 variabili
2370 3853 2470 3933 sit
2571 3855 2954 3934 habenda.
3087 3853 3182 3932 In
3277 3851 3620 3934 formulis
3717 3871 3976 3938 autem
4061 3860 4474 3964 duplicatis

1269 3988 1407 4086 ss
1418 3985 1485 4058 V
1502 3975 1763 4082 bxby
1826 3995 2207 4083 perpetuo
2276 3982 2692 4059 tenendum
2755 3997 2874 4060 est
2907 4039 2930 4074 ,
3027 3981 3352 4058 alteram
3415 3984 4002 4086 integrationem
4068 3989 4170 4064 ad
4234 3987 4478 4068 solius

1292 4137 1357 4186 x
1395 4171 1417 4204 ‚
1516 4111 1839 4188 alteram
1904 4131 2093 4184 vero
2172 4109 2273 4186 ad
2342 4108 2580 4188 solius
2641 4133 2699 4208 y
2787 4106 3382 4188 variabilitatem
3465 4109 3892 4214 adstringi,
3983 4114 4476 4217 perindeque

1290 4261 1463 4316 esse
1492 4295 1517 4330 ‚
1583 4257 1755 4314 utra
1820 4235 2233 4339 integratio
2300 4235 2520 4338 prior
2587 4235 3042 4316 instituatur.

2434 4501 3050 4599 Pro‘blema
3183 4527 3331 4598 21.

1628 4721 1665 4790 1
1693 4717 1737 4790 6
1760 4721 1839 4796 9.
1966 4711 2492 4793 Variationem
2571 4715 2948 4838 formulae
3026 4681 3424 4824 integralis
3497 4717 3938 4820 duplicatae
3989 4713 4329 4821 ssvboe
4341 4715 4486 4826 ὂῃ,
