4861 5775
1268 459 1456 550 428.
2364 443 2809 528 CAPUT
2910 445 3054 524 111.

1142 679 1343 737 cum
1394 677 1511 732 ex
1555 649 1917 730 doctrina
1999 671 2139 724 vai
2143 643 2510 720 rationum
2586 642 2686 720 sit
2767 641 3062 742 petita,
3149 663 3354 738 quae
3439 649 3752 716 tamen
3781 642 3880 714 ab
3958 640 4108 714 hoc
4173 659 4314 712 an-

1144 779 1531 892 gumento
1586 797 1907 872 prorsus
1988 785 2103 846 est
2178 771 2478 844 aliena·
2461 823 2483 857 ,
2581 769 2708 842 via
2761 788 2961 843 ivero
3031 767 3230 840 alia
3259 766 3392 842 via.
3469 777 3686 863 patet
3738 767 3864 856 ad
3931 766 4092 864 ejus
4163 763 4316 840 de·

1144 899 1776 975 monstrationem
1843 894 2348 994 pertingendi.
2463 891 2656 964 Tum
2723 913 2910 964 vero
2980 889 3104 965 hic
3173 889 3611 963 accuratior
3677 888 4011 988 cognitio
4081 889 4306 962 fune·

1148 1029 1433 1101 tionum
1500 1023 1899 1122 diligenter
1964 1039 2083 1094 est
2151 1017 2853 1104 animadvertenda,
2922 1037 3080 1110 qua
3144 1015 3641 1106 ostendimus,
3710 1013 4120 1090 formulam
4187 1014 4309 1086 in-

1150 1151 1517 1248 tegralem
1566 1141 1841 1244 sVbx
1904 1141 2343 1239 neutiquam
2410 1153 2493 1216 ut
2561 1141 3026 1216 functionem
3092 1138 3598 1249 quantitatum
3659 1165 3752 1232 x,
3815 1162 3898 1236 y,
3951 1163 4032 1239 p,
4096 1162 4282 1240 q,r
4281 1197 4310 1229 ,

1156 1287 1304 1351 ete.
1401 1265 1734 1370 spectari
1817 1293 2091 1366 posse,
2191 1266 2333 1341 nisi
2426 1259 2704 1340 revera
2799 1258 3388 1373 integrationem
3485 1263 3872 1338 admittat.
4003 1263 4314 1340 Natura

1150 1399 1350 1474 enirn
1438 1396 1901 1471 functionum
1984 1415 2292 1489 semper
2377 1392 2574 1464 hanc
2655 1390 3212 1486 proprietatem
3307 1391 3536 1464 habet
3626 1389 4124 1488 adjunctam,
4222 1403 4313 1462 ut

1140 1524 1409 1616 ,statim
1484 1535 1711 1615 atque
1778 1516 2375 1616 quantitatibus,
2449 1538 2642 1612 quae
2709 1539 2882 1589 eam
2927 1511 3512 1634 ingrediuntur,
3577 1515 3884 1612 valores
3951 1513 4314 1588 determi-

1156 1651 1316 1724 nati
1380 1647 1854 1735 tribuuntur,
1955 1644 2123 1741 ipsa
2192 1641 2476 1716 functio
2548 1647 2644 1714 'ex
2719 1640 2807 1715 iis
2875 1615 3204 1714 formata
3276 1638 3860 1718 determinatum
3929 1638 4311 1737 adipisca—

1152 1785 1275 1848 tur
1338 1773 1737 1861 'valorem3
1800 1769 2031 1842 veluti
2100 1771 2291 1842 haec
2360 1765 2648 1840 functio
2715 1787 2862 1860 πῃ,
2929 1762 2992 1841 si
3060 1785 3434 1860 ponamus
3501 1787 3714 1840 x—
3754 1775 3798 1838 2
3871 1777 3950 1838 et
4011 1775 4312 1860 ,11:³2

1152 1899 1493 1973 valorem
1564 1895 2033 1995 accipit-
1907 1916 2029 1932 -·
2068 1897 2148 1967 6.
2282 1893 2554 1990 Longe
2603 1913 2860 1965 secus
2931 1903 3184 1963 autem
3267 1889 3521 1964 evenit
3587 1890 3663 1964 in
3729 1889 4052 1964 formula
4118 1889 4314 1962 inte-

1156 2023 1348 2122 grali
1397 2025 1693 2121 χρὼς,
1760 2019 1970 2118 cujus
2038 2020 2257 2091 valor
2322 2041 2468 2114 pro
2541 2038 2722 2088 casu
2790 2039 3007 2092 x:
3051 2025 3094 2088 2
3169 2025 3248 2088 et
3311 2036 3524 2110 y...
3564 2025 3608 2090 3
3683 2016 4116 2112 neutiquam
4185 2036 4316 2089 as—

1158 2148 1444 2247 signari
1510 2157 1817 2242 potest,
1912 2142 2055 2216 nisi
2123 2143 2317 2215 inter
2379 2167 2438 2236 y
2501 2155 2578 2213 et
2641 2165 2704 2212 x
2787 2153 2996 2213 certa
3063 2140 3438 2234 quaedam
3523 2141 3793 2215 relatio
3871 2153 4312 2228 statuatur3

1158 2285 1316 2345 tum
1388 2265 1641 2346 aut'em
1722 2291 1817 2343 ea
1884 2268 2206 2340 formula
2283 2265 2440 2342 abit
2521 2266 2595 2338 in
2685 2265 3150 2340 functionem
3231 2264 3498 2339 unicae
3583 2265 3993 2352 variabilis
4085 2257 4316 2338 For·

1158 2394 1532 2471 mularum
1598 2419 1787 2496 ergo
1852 2392 2327 2490 integralium
2363 2449 2383 2486 ,
2448 2412 2646 2488 quae
2711 2389 3076 2490 integrari
3137 2391 3575 2486 nequeunt,
3657 2399 3936 2466 natura
3999 2387 4318 2466 sollicite

1164 2547 1211 2598 a
1276 2534 1548 2596 natura
1629 2519 2091 2595 functionum
2176 2515 2537 2616 distingui
2607 2515 2887 2604 debet,
2987 2539 3158 2592 eum
3224 2495 3695 2606 functiones,
3761 2517 4018 2592 statim
4087 2530 4315 2614 atque

1164 2646 1703 2745 quantitatibus
1768 2642 2316 2734 variabilibus,
2397 2668 2490 2724 ex
2557 2639 2826 2735 quibus
2893 2641 3320 2718 conflantur
3357 2691 3380 2730 ,
3467 2641 3948 2719 determinati
4015 2643 4320 2718 valores

1165 2772 1639 2863 tribuuntur,
1668 2770 1919 2884 ipsae
1984 2791 2284 2866 quoque
2350 2765 2897 2844 determinatos
2967 2769 3272 2842 valores
3337 2766 3750 2866 recipiant,
3818 2767 4108 2846 etiamsi
4179 2793 4320 2845 va-

1164 2899 1471 2977 riabiles
1552 2867 1757 2973 nullo
1838 2893 2067 2971 modo
2150 2920 2197 2969 a
2282 2918 2365 2971 se
2449 2894 2774 2969 invicem
2849 2894 3294 2989 pendeant3
3391 2897 3634 2988 quod
3680 2893 3986 3010 minime
4063 2900 4326 2973 evenit

1168 3025 1245 3097 in
1317 3022 1653 3098 formulis
1732 3019 2272 3118 integralibus,
2292 3102 2299 3113 ‚
2375 3020 2658 3121 quippe
2743 3040 3064 3124 quarum
3130 3016 3656 3094 deteiminatio
3743 3002 4008 3096 omncs
4083 3024 4322 3121 plane

1172 3151 1479 3225 valores
1556 3146 2045 3222 intermedios
2110 3147 2327 3221 simul
2416 3140 2755 3220 includit.
2889 3142 3274 3241 Imprimis
3341 3154 3595 3217 autem
3665 3144 3865 3221 huic
3903 3146 4326 3224 discrimini

1172 3274 1527 3351 universa
1593 3272 1938 3347 doctrina
2004 3270 2101 3355 de
2152 3270 2514 3355 ..maximis
2579 3283 2657 3345 et
2707 3265 3044 3351 ,minimis
3077 3326 3098 3361 ‚
3167 3270 3264 3345 ad
3331 3292 3558 3365 quam
3631 3272 3752 3345 hie
3821 3274 4326 3367 attendimuS,

1172 3399 1535 3491 innititur,
1602 3397 1723 3473 ubi
1794 3396 2177 3489 formulas,
2246 3396 2514 3492 quibus
2565 3391 2866 3469 maximi
2917 3394 3298 3473 minimive
3369 3398 3880 3493 proprietates
3929 3400 4328 3474 conciliari

1170 3527 1450 3611 debet,
1518 3521 1952 3598 necessario
2016 3523 2387 3621 ejusmodi
2457 3516 2866 3620 integrales
2931 3542 3099 3595 esse
3167 3534 3524 3637 oportet,
3591 3545 3784 3617 quae
3853 3547 3994 3619 per
4060 3548 4139 3601 se
4207 3526 4332 3600 in-

1170 3648 1673 3749 tegra-tionem
1740 3672 1897 3722 non
1960 3647 2429 3723 admittant.
4192 3664 4200 3671 ·

2369 3822 2931 3959 s‘eho’iion
3069 3888 3142 3952 2.

1491 4086 1541 4155 ,9
1568 4080 1640 4156 7.
1774 4076 1887 4149 Ad
1969 4078 2339 4176 majorem
2404 4071 2928 4150 Theo-rematis
3021 4038 3600 4145 illustrationem
3701 4074 4069 4173 ejusmodi
4173 4079 4354 4155 for-

1177 4200 1462 4295 mulam
1522 4198 1977 4302 integralem-
2019 4195 2287 4301 sVBx
2362 4200 2984 4286 consideremus,
3055 4219 3248 4290 quae
3317 4220 3456 4291 per
3522 4222 3606 4273 se
3673 4198 3766 4273 sit
3831 4199 4356 4302 integrabilis,

1175 4347 1712 4423 ponamusque·
1768 4328 2097 4428 exempli·
2155 4326 2409 4427 gratia
2805 4342 2814 4349 ‘

1602 4492 1867 4593 svam
1936 4458 2307 4623 ..τζ-ξ-ξ.
2368 4517 2490 4575 :-..
2554 4471 2753 4627 ’ἕξ-ν
