4861 5775
1442 1368 1535 1480 C
1629 1371 1753 1480 A
1846 1370 1941 1478 P
2040 1369 2155 1478 U
2250 1370 2371 1479 T
2520 1436 2528 1444 -
2611 1373 2696 1476 I.

1955 1641 2021 1700 D
2058 1639 2117 1698 E
2239 1686 2247 1692 ,
2593 1717 2600 1730 ¹

999 1777 1007 1782 ’
1054 1801 1535 1926 οᾼιρυιο
1608 1806 2339 1884 VARIATIONUM
2420 1805 2534 1882 IN
2575 1800 3057 1932 ΒΕΝΕΒΕ..

1608 2103 2247 2185 ‚Definitio
2394 2111 2466 2176 1.

1786 2242 1793 2248 ·
2015 2295 2047 2360 1
2072 2339 2091 2360 .
2137 2395 2143 2400 .

464 2470 813 2580 Relatio
880 2511 1085 2584 inter
1150 2467 1383 2615 bitias
1448 2513 1877 2588 variabiles
1942 2515 2261 2589 variari
2328 2509 2621 2584 dicitur
2649 2563 2670 2600 ‚
2769 2510 2843 2581 si
2905 2507 3138 2581 valor
3166 2563 3188 2597 ‚
3289 2525 3446 2604 quo
3517 2506 3636 2578 al-

465 2657 645 2726 tera
721 2647 903 2726 inde
996 2673 1137 2746 per
1233 2653 1582 2728 alteram
1662 2654 2246 2730 determinatur
2274 2713 2297 2749 ‚
2396 2659 2882 2734 incremento
2974 2653 3287 2752 infinite
3375 2671 3636 2747 parvo

342 2785 365 2796 ⁸
444 2808 750 2901 -auqeri
786 2805 1363 2901 ‘concipiatum
1444 2806 1665 2907 quod
1728 2811 2304 2884 incrementum
2380 2811 2924 2883 variationem
2989 2805 3157 2898 eius
3221 2807 3636 2906 quantita·

282 3006 293 3019 ·
368 3002 371 3007 -
466 2962 593 3053 tis,
660 2961 793 3033 eui
862 2954 1246 3049 adjicitur
1276 3015 1299 3053 ,
1393 2960 1937 3036 vocabimus.-

1684 3200 2415 3301 Explicatio.

652 3430 657 3434 -
783 3388 861 3455 2.
991 3376 1363 3453 Primum·
1401 3402 1589 3482 ergo
1672 3382 1794 3459 hic
1877 3380 2411 3457 consideratur
2492 3378 2766 3455 relatio
2832 3378 3031 3454 inter
3095 3378 3315 3454 binas
3381 3379 3633 3454 varia-

458 3488 649 3581 biles
714 3528 779 3577 x
840 3515 919 3609 et
982 3526 1041 3601 y
1118 3526 1619 3605 quaecunque
1652 3565 1674 3599 ,
1771 3485 2231 3604 aequatione·
2305 3528 2757 3603 quacunque
2835 3502 3036 3581 inter
3117 3504 3428 3579 easdem
3503 3528 3635 3581 ex-

460 3652 737 3731 pressa
773 3686 821 3723 ,.
890 3652 1044 3727 qua
1122 3654 1270 3727 pro
1354 3630 1667 3732 singulis
1731 3630 2121 3709 valorib‘us
2187 3630 2331 3731 ipsi
2398 3656 2465 3707 a:
2541 3626 2838 3709 tributis
2905 3630 3210 3707 valores
3275 3629 3508 3730 ipsius
3575 3652 3634 3729 y

324 3830 337 3839 .
460 3755 1005 3869 convenientes
1068 3756 1667 3856 determinentur
1706 3817 1728 3851 ‚
1832 3771 1987 3833 tum
2054 3781 2241 3835 vero
2307 3757 2581 3860 singuli
2655 3756 2965 3833 valores
3031 3756 3268 3857 ipsius
3333 3780 3394 3854 y
3453 3782 3634 3859 par·

460 3883 704 3961 ticuIIs
770 3882 1059 3961 infinite
1122 3884 1388 3984 parvis
1456 3896 1841 3984 utcunque
1902 3883 2173 3986 ‚augeri
2242 3884 2796 3985 concipiantur,
2861 3883 2968 3961 ita
3031 3894 3116 3960 ut
3178 3883 3253 3957 hi
3319 3882 3630 3962 valores

460 4010 735 4087 variati
804 4035 852 4086 a
916 4010 1122 4089 veris
1154 4066 1177 4103 ,
1244 4030 1439 4109 quos
1509 4036 1605 4088 ex
1665 4011 2034 4087 relatione
2101 4010 2504 4111 proposita
2569 4010 2991 4088 sortiuntur
3028 4069 3049 4104 ,
3137 4008 3420 4089 infinite
3485 4036 3632 4112 pa-

460 4162 631 4214 rum
680 4136 1147 4239 discrepent,
1201 4150 1431 4237 atque
1477 4142 1626 4215 hoc
1673 4140 1907 4215 modo
1975 4138 2247 4215 relatio
2316 4139 2446 4237 illa
2508 4138 2706 4217 inter
2768 4163 2834 4213 x
2898 4149 2978 4215 et
3039 4158 3098 4236 y
3159 4136 3444 4215 variari
3509 4138 3624 4212 di·

460 4264 696 4357 eitur,
784 4264 1161 4363 simulque
1225 4256 1667 4367 sparticulae
1731 4266 1907 4343 illae
1970 4264 2259 4342 infinite
2320 4290 2616 4367 parvae
2671 4264 3060 4343 valoribus
3123 4265 3326 4343 veris
3393 4264 3630 4367 ipsius

456 4414 515 4489 y
580 4391 986 4493 adjunctae
1050 4392 1519 4487 variationes
1586 4395 2094 4495 appellentur.
2230 4393 2618 4494 Imprimis
2685 4402 2938 4472 autem
3007 4390 3140 4469 hic
3205 4392 3631 4471 notandum

456 4534 577 4595 est
661 4521 799 4596 has
881 4518 1345 4598 variationes
1374 4578 1397 4616 ‚
1493 4521 1761 4621 quibus
1847 4521 2120 4625 singuli
2204 4522 2512 4600 valores
2599 4520 2838 4621 ipsius
2901 4542 2960 4621 y
3043 4520 3312 4622 augeri·
3370 4518 3629 4595 conci-

454 4643 815 4745 piuntur,
880 4670 1129 4747 neque
1196 4647 1393 4727 inter
1458 4672 1545 4729 se
1612 4650 1843 4727 statui
1910 4650 2269 4749 aequales
2306 4709 2329 4745 ‚
2407 4630 2654 4749 neque
2720 4648 2874 4727 ullo
2941 4647 3175 4731 modo
3253 4672 3304 4722 a
3365 4668 3446 4723 se
3511 4644 3628 4719 in,-
