4861 5775
1378 459 1555 540 396
2513 449 2965 529 CAPUT
3094 451 3161 526 Ι.

1238 650 1333 730 lis
1380 663 1685 748 quoque
1746 641 1949 719 ratio
2010 641 2091 718 in
2139 639 2686 720 variationibus
2751 641 2900 722 erit
2965 641 3326 720 habenda
3351 637 3368 645 ’
3387 641 3469 728 in
3533 663 3688 742 quo
3753 641 4193 724 etiamnunc
4257 657 4436 722 tan·

1238 791 1373 856 tae
1438 767 1927 848 difficultates
1993 780 2411 846 occurrunt
2446 823 2470 864 ‚
2570 783 2662 847 ut
2719 768 2850 846 vix
2911 780 3182 870 pateat
3243 769 3640 870 quomodo
3703 791 3841 848 eas
3903 793 4280 874 superare
4343 773 4443 848 li.

1242 875 1476 993 ceat3
1576 907 1756 974 ante
1822 893 2083 974 omnia
2144 913 2387 1008 certe
2424 894 2679 998 prima
2758 896 2981 1000 hujus
3045 895 3325 976 calculi
3391 893 3780 999 principia
3853 898 4444 978 accuratissime

1242 1023 1498 1110 evolvi
1568 1024 1715 1104 erit
1778 1045 2137 1114 necesse,
2206 1034 2294 1099 ut
2358 1045 2456 1102 ex
2518 1023 2788 1102 intima
2849 1022 2965 1102 rei
3029 1034 3310 1102 natura
3377 1022 3654 1102 calculi
3715 1029 4149 1128 praecepta
4211 1051 4440 1130 repe-

1240 1167 1503 1235 tantur
1531 1211 1553 1250 ,
1648 1151 1729 1230 in
1800 1175 1953 1253 quo
2019 1149 2476 1251 plerumque
2542 1173 2886 1232 summae
2951 1149 3426 1230 difficultates
3512 1151 3799 1229 offendi
3861 1153 4138 1232 solent.
4273 1155 4442 1234 Pri-

1244 1305 1455 1364 mum
1524 1279 1753 1384 igitur
1829 1281 2033 1356 hunc
2124 1279 2506 1357 calculum
2585 1281 2689 1357 ad
2769 1279 2961 1357 duas
3045 1289 3342 1358 tantum
3405 1276 3817 1358 variabiles
3895 1281 4440 1360 accommoda-

1246 1420 1411 1490 tum
1440 1466 1465 1500 ‚
1530 1406 2179 1508 quemadmodum
2244 1405 2309 1485 is
2377 1405 2690 1507 quidem
2757 1407 3008 1486 adhuc
3073 1405 3400 1484 tractari
3465 1417 3586 1484 est
3649 1404 3916 1485 solitus
3947 1466 3971 1502 ,
4047 1408 4442 1512 explicare

1250 1537 1597 1617 conabor
1630 1594 1653 1628 ‚
1746 1531 2215 1613 variationes
2304 1552 2464 1611 tam
2531 1533 3034 1641 formularum
3107 1530 3726 1612 differentialium
3804 1557 4038 1633 quam
4101 1535 4442 1638 integra-

1248 1663 1430 1740 lium
1495 1662 2094 1765 investigaturus
2128 1717 2151 1754 ,
2226 1671 2388 1738 tum
2453 1685 2647 1742 vero
2717 1663 2784 1742 si
2847 1661 3030 1762 quid
3107 1660 3300 1739 lucis
3367 1683 3465 1738 ex
3528 1657 3700 1762 ipsa
3765 1663 3914 1740 hac
3973 1663 4444 1742 tractatione

1255 1787 1627 1867 affiilserit
1654 1847 1677 1882 ‚
1780 1811 2079 1890 quoque
2160 1789 2261 1866 ad
2327 1801 2508 1870 tres.
2575 1791 2946 1895 pluresve
3030 1786 3444 1868 variabiles
3527 1790 4168 1893 contemplandas
4249 1815 4440 1892 pro·

1254 1915 1591 2021 grediar.
