4861 5775
1370 484 1542 562 450
2465 470 2904 549 CAPUT
3045 471 3174 547 lv,

1234 665 1685 766 integralem
1736 645 2013 777 sQBx
2078 659 2476 753 involvat,
2555 663 2694 738 sed
2760 662 2989 738 etiam
3054 665 3250 739 haec
3317 659 3610 739 functio
3671 627 3766 748 Q
3833 652 4062 740 aliam
4121 663 4396 739 formu·

1102 765 1109 776 ⁴
1238 795 1391 868 lam
1479 790 1934 890 integralem
2002 768 2236 898 sbbae
2332 787 2413 860 in
2506 809 2590 864 se
2667 788 3277 888 complectatur·
3257 847 3282 883 ,
3351 789 3509 866 ubi
3603 789 3911 890 quidem
4004 790 4279 868 functio
4347 802 4400 872 b

1238 917 1523 993 nullam
1594 914 1917 1016 amplius
1983 913 2394 989 formulam
2461 914 2918 1016 integralem
2981 915 3352 1014 implicat.

2326 1151 3129 1231 corollarium
3269 1167 3353 1233 2.

1569 1336 1602 1402 1
1631 1335 1777 1402 21.
1912 1327 2037 1432 Sin
2108 1336 2359 1402 autem
2441 1341 2521 1404 et
2596 1333 2812 1428 haec,
2873 1332 3160 1408 functio
3225 1345 3278 1416 b
3351 1333 3667 1436 insuper
3749 1337 4156 1412 formulam
4219 1336 4400 1414 inte·

1238 1452 1531 1553 gralem
1596 1451 1672 1525 in
1740 1475 1825 1530 se
1888 1453 2283 1548 involvat,
2341 1455 2512 1556 jam
2577 1457 2762 1534 satis
2829 1457 3326 1558 perspicuum
3389 1475 3528 1554 est,
3597 1465 3986 1560 quomodo
4053 1475 4216 1538 tum
4280 1487 4398 1540 so·

1240 1577 1598 1656 lutionem
1663 1573 1953 1655 institui
2024 1591 2442 1678 oporteat3
2532 1583 2908 1680 siquidem
2975 1607 3133 1662 tum
3199 1589 3505 1666 valores
3574 1585 3716 1683 N',
3746 1585 3860 1683 P',
3907 1585 4038 1686 ρ’,
4087 1583 4216 1682 R‘,
4259 1601 4400 1666 etc.

1235 1715 1503 1803 partes
1566 1703 1881 1802 insuper
1945 1704 2355 1808 recipient,
2423 1731 2474 1782 a
2539 1727 2939 1810 postrema
3005 1713 3334 1790 formula
3398 1715 3752 1820 integrali
3815 1717 4261 1813 pendentes.

2537 1923 3126 2050 Scholion.

1576 2089 1678 2174 12
1696 2091 1777 2158 2.
1914 2083 2630 2189 Quomodocunque
2667 2120 2896 2198 ergo
2985 2100 3318 2180 formula
3399 2098 3794 2202 integralis
3852 2085 4111 2216 sva
4185 2104 4400 2178 fixerit

1244 2207 1705 2307 complicata
1740 2269 1763 2302 ,
1852 2226 2318 2314 praecepta·
2346 2217 2720 2300 hactenus
2801 2225 3154 2322 exposita
3236 2227 3547 2304 omnino
3630 2228 4014 2306 sufficiunt
4080 2232 4183 2306 ad
4247 2233 4404 2332 ejus

1241 2333 1751 2413 variationem
1812 2335 2474 2452 investigandam,
2569 2347 2866 2430 etiamsi
2930 2353 3138 2430 forte
3217 2355 3703 2460 complicatio
3783 2357 4014 2434 fuerit
4089 2358 4397 2435 infinita.

1246 2459 1445 2536 Cum
1507 2460 1741 2564 igitur
1806 2487 2074 2544 omnes
2140 2471 2671 2569 expressiones
2737 2476 2957 2557 binas
3020 2481 3430 2574 variabiles
3495 2484 4010 2583 implicantes,
4079 2509 4400 2586 quarum

1238 2586 1699 2665 variationes
1781 2614 2173 2690 unquam
2199 2595 2351 2674 sint
2426 2598 3067 2704 investigandae,
3165 2610 3292 2686 vel
3369 2634 3421 2686 a
3497 2611 3842 2688 formulis
3903 2611 4398 2716 integralibus

1241 2712 1394 2789 sint
1452 2712 1743 2794 liberae
1774 2775 1796 2810 ,
1900 2721 2027 2796 vel
2106 2745 2339 2800 unam
2401 2727 2759 2826 pluresve
2837 2733 2916 2810 in
2994 2760 3080 2814 se
3164 2738 3828 2838 complectantur,
3925 2764 4224 2840 easque
4283 2741 4402 2816 vel

1242 2838 1632 2983 simplices
1698 2846 1823 2921 vel
1888 2848 2385 2948 complicatas
2451 2864 2894 2955 utcunque,
2980 2862 3155 2938 huic
3227 2863 3529 2945 Calculi
3585 2865 4104 2945 variationum
4164 2868 4401 2969 parti,

1244 2988 1446 3063 quae
1513 2966 1725 3045 circa
1788 2971 1979 3051 duas
2044 2976 2454 3057 variabiles
2516 2998 2922 3082 versatur,
2989 2994 3292 3069 abunde
3359 2993 3838 3071 satisfactum
3899 2995 4263 3087 videtur,
4325 3013 4402 3070 ut

1240 3089 1373 3167 vix
1448 3092 1855 3193 quiequam
1934 3102 2259 3203 amplius
2326 3087 2763 3188 'desiderari
2844 3130 3115 3215 queat.
3249 3118 3770 3215 Quamobrem
3855 3124 3957 3197 ad
4035 3124 4408 3201 formulas

1240 3213 1483 3293 triam
1538 3221 2009 3303 variabilium
2071 3234 2660 3333 progrediamur
2728 3266 2819 3317 ac
2885 3244 3135 3343 primo
3205 3246 3509 3345 quidem
3575 3248 3807 3342 tales,
3891 3272 4222 3349 quarum
4285 3278 4402 3328 re-

1240 3342 1425 3419 latio
1486 3370 1634 3446 per
1695 3350 2079 3450 geminam
2144 3361 2680 3457 aequationem
2747 3369 3042 3445 defin-iri
3102 3372 3468 3471 ponitur,
3548 3396 3634 3451 ut
3700 3378 3925 3455 binae
3991 3379 4400 3457 variabiles

1240 3480 1607 3576 tanquam
1670 3476 2101 3559 functiones
2168 3487 2442 3565 tertiae
2509 3496 2848 3592 spectari
2913 3512 3234 3597 queant,
3299 3502 3458 3579 sive
3522 3507 3717 3580 haee
3783 3504 4068 3607 duplex
4135 3506 4409 3585 relatio

1222 3594 1341 3676 'sit
1404 3602 1714 3705 cognita
1746 3662 1767 3699 ,
1859 3606 2026 3687 sive
2090 3635 2187 3689 ex
2250 3612 2425 3716 ipsa
2489 3621 2940 3705 variationis
3003 3626 3260 3707 indole
3325 3630 3880 3735 investiganda.
