4861 5775
362 1065 605 1139 Haec
670 1055 1203 1134 determinatio
1272 1055 1418 1131 isto
1486 1054 1752 1131 nititur
1820 1055 2341 1153 fundamento,
2414 1059 2626 1157 quod
2695 1055 2757 1135 si
2815 1055 2860 1133 S
2931 1053 3159 1132 fuerit
3225 1054 3554 1158 ejusmo-

358 1192 437 1266 di
508 1185 805 1264 functio
870 1184 1212 1284 ipsarum
1274 1209 1365 1276 x,
1427 1207 1485 1280 y
1564 1195 1642 1258 et
1715 1209 1825 1276 z,
1904 1211 2099 1283 quae
2168 1185 2424 1286 posito
2493 1209 2812 1265 xz-..a
2876 1196 2956 1260 et
3018 1205 3231 1262 z:
3265 1207 3308 1258 c
3379 1203 3561 1258 eva·

358 1347 669 1430 noscat,
736 1331 964 1409 etiam
1033 1329 1359 1405 formula
1427 1327 1949 1408 differentialis
2019 1293 2207 1464 (3—5)
2165 1321 2552 1439 )eodem
2621 1355 2806 1408 casu
2873 1339 3317 1406 evanescat.

1439 1607 2277 1684 Corollarium
2422 1613 2496 1682 1.

642 1815 791 1890 65.
922 1810 1345 1888 Reducitur
1430 1834 1620 1910 ergo
1704 1808 2069 1888 resolutio
2150 1808 2371 1912 hujus
2455 1805 2956 1908 problematis
3044 1807 3142 1882 ad
3217 1805 3567 1904 integra-

373 1939 673 2014 tionem
739 1938 1215 2036 aequationis
1278 1935 1803 2012 differentialis

839 2059 979 2146 &z
1055 2105 1159 2120 —-
1231 2057 1377 2146 VB
1413 2088 1479 2137 x
1542 2085 1667 2142 z:
1744 2073 1853 2156 ο,

380 2193 461 2267 in
534 2216 695 2290 qua
760 2191 1141 2289 quantitas
1206 2213 1263 2288 y
1326 2203 1413 2266 ut
1481 2205 1843 2266 constans
1910 2199 2357 2294 spectatur,
2451 2188 2752 2267 etiamsi
2820 2189 2886 2261 V
2951 2187 3346 2266 contineat
3413 2204 3575 2256 om-

378 2343 525 2394 nes
618 2341 777 2394 tres
842 2317 1129 2394 litteras
1196 2344 1289 2412 x,
1349 2339 1408 2414 y
1472 2325 1553 2394 et
1615 2341 1691 2390 z.
1824 2320 2153 2395 Dabitur
2235 2342 2421 2418 ergo
2501 2316 2761 2414 utique
2847 2315 3397 2418 multiplicatur
3463 2307 3580 2398 M,

386 2444 515 2541 qui
590 2447 793 2519 hanc
865 2442 1395 2541 aequationem
1468 2445 1999 2542 integrabilem
2064 2444 2401 2538 reddat,
2496 2455 2583 2522 ut
2649 2443 2748 2519 sit

848 2563 1107 2652 MBz
1186 2612 1288 2628 -—
1364 2563 1737 2650 vax
1805 2596 1931 2650 ··.;-·..
1992 2566 2183 2664 ὃὸ,

394 2696 779 2774 existente
848 2697 893 2775 S
960 2709 1176 2774 certa
1242 2699 1575 2796 quadam
1647 2697 2039 2776 functione
2106 2697 2448 2798 ipsarum
2518 2723 2622 2792 x,
2686 2715 2744 2797 y
2807 2705 2884 2776 et
2947 2723 3022 2774 z.

1464 2948 2281 3028 Corollarium
2417 2962 2498 3030 2.

672 3150 818 3221 66.
950 3148 1277 3224 Invento
1344 3160 1601 3225 autem
1664 3152 1817 3255 boe
1886 3153 2476 3253 multiplicatore
2541 3157 2633 3232 M
2697 3142 3026 3255 Indeque
3093 3154 3446 3257 integrali
3515 3150 3588 3247 S,

395 3271 795 3369 quantitas
888 3299 942 3350 z
1036 3275 1141 3349 ita
1238 3296 1380 3375 per
1474 3276 1691 3355 binas
1786 3280 2193 3355 variabiles
2286 3306 2353 3357 ,τ
2449 3295 2526 3359 et
2621 3304 2678 3383 y
2773 3284 3236 3380 definietur,
3331 3296 3414 3357 ut
3497 3281 3593 3357 sit

394 3400 611 3473 S:
652 3400 732 3472 f:
764 3420 885 3497 y,
982 3402 1113 3477 ubi
1181 3402 1267 3478 f:
1303 3428 1361 3501 y
1440 3404 1761 3483 denotat
1845 3409 2317 3483 functionem
2383 3434 2920 3507 quameunque
3007 3410 3244 3511 ipsius
3307 3432 3365 3507 y
3431 3407 3589 3485 sive

394 3524 852 3601 continuam
919 3527 1079 3605 sive
1149 3530 1377 3605 etiam
1448 3531 2039 3628 discontinuarn‚
2104 3536 2201 3607 ob
2260 3538 2474 3639 eujus
2541 3551 2898 3615 naturam
2967 3536 3377 3645 integratio
3443 3558 3590 3635 pro

394 3653 797 3753 completa
863 3670 981 3731 est
1046 3658 1425 3753 habenda.

1478 3880 2307 3959 corollarium
2445 3892 2527 3959 3.

678 4079 823 4157 67.
962 4078 1163 4155 Cum
1245 4080 1389 4159 hoe
1472 4083 1701 4159 modo
1784 4076 2061 4161 relatio
2144 4084 2345 4159 inter
2412 4108 2511 4179 z5
2575 4108 2678 4177 x,
2745 4100 2844 4181 y,
2927 4082 3159 4159 fuerit
3239 4084 3598 4177 definita,

408 4204 557 4279 erit
632 4228 728 4279 ea
792 4201 901 4283 ita
968 4205 1515 4303 differentiata,
1579 4228 1663 4287 ut
1730 4234 2005 4305 omnes
2068 4226 2231 4289 tres
2298 4212 2600 4291 litterae
2666 4236 2756 4313 x,
2821 4231 2880 4310 y
2943 4226 3022 4288 et
3073 4236 3125 4285 z
3193 4212 3600 4290 variabiles

408 4344 817 4407 sumantur

412 4622 541 4696 ubi
613 4622 998 4721 quantitas
1070 4626 1146 4721 Q
1214 4652 1305 4703 ex
1380 4652 1517 4705 suo
1585 4552 2070 4709 differentiam

544 4748 721 4824 vol.
786 4750 931 4827 111.
2184 4854 2201 4865 ,
2621 4694 2628 4700 ’
2810 4772 2854 4844 7
