4861 5775
1371 498 1544 561 ssu
2514 471 2957 557 CAPUT
3086 473 3147 551 Ι.

2456 674 3029 753 Scholion
3160 674 3223 751 1.

1578 857 1784 929 443.
1921 849 2010 925 ln
2092 846 2382 924 calculo
2464 846 2770 943 quidem
2858 841 3345 924 differentiali
3420 866 3691 947 parum
3778 843 4070 941 refert,
4170 860 4418 927 utrum

1251 979 1537 1057 funotio
1606 976 2195 1055 differentianda
2259 998 2491 1051 unam
2554 974 2917 1073 pluresve
2981 966 3389 1049 variabiles
3456 971 3855 1067 involvat,
3952 998 4123 1051 eum
4190 1000 4419 1077 prae·

1251 1121 1479 1209 cepta
1547 1104 2108 1183 differentiandi
2189 1125 2334 1203 pro
2405 1096 2677 1199 quovis
2738 1099 3214 1177 variabilium
3278 1121 3600 1176 numero
3666 1110 4032 1177 maneant
4094 1104 4418 1197 eadem3

1251 1258 1476 1333 quam
1582 1236 1682 1309 ob
1783 1254 2092 1309 causam
2201 1228 2433 1306 etiam
2540 1226 2915 1305 calculum
3014 1226 3601 1313 differentialem
3710 1227 4131 1331 secundum
4220 1234 4419 1309 hanc

1253 1361 1726 1439 functionum
1810 1358 2264 1451 *satietatem
2343 1356 2423 1431 in
2506 1350 2853 1433 diversas
2934 1366 3203 1457 partes
3282 1352 3643 1456 distingui
3720 1376 3881 1449 non
3960 1368 4167 1433 erat.
4204 1381 4421 1458 opus.

1249 1490 1528 1591 Longe
1611 1510 1832 1565 secus
1917 1496 2172 1561 autem
2253 1482 2534 1561 accidit
2628 1483 2707 1559 in
2788 1484 3083 1563 calculo
3180 1478 3538 1582 integrali
3570 1508 3621 1573 ‚·
3690 1506 3925 1579 quem
4006 1486 4419 1562 secundum

1255 1619 1453 1693 hane
1527 1611 2004 1691 functionum
2091 1610 2543 1689 varietatem
2624 1610 2937 1689 omnino
3034 1609 3112 1683 in
3194 1620 3461 1709 partes
3540 1606 3777 1709 dividi
3866 1632 4191 1689 necesse
4266 1634 4416 1703 est,

1253 1744 1534 1843 quippe
1593 1764 1794 1839 quae
1859 1752 2126 1839 partes
2191 1749 2348 1814 tam
2415 1740 2717 1815 ratione
2780 1736 3147 1838 propriae
3212 1734 3485 1813 indolis
3532 1758 3761 1834 quam
3796 1736 4133 1835 ⁴‚ratione
4192 1757 4420 1837 prae-i

1256 1882 1654 1969 ceptorum
1724 1866 2051 1941 maxime
2137 1866 2334 1943 inter
2413 1889 2499 1941 se
2571 1864 3045 1973 diserepant.
3182 1860 3849 1972 Quemadmodutn
3926 1862 4159 1965 igitur
4226 1868 4418 1941 hane

1252 2006 1554 2094 partem
1621 1990 1834 2071 cirea
1919 1992 2355 2068 functiones
2442 1992 2673 2083 trium
2747 1988 3227 2068 variabilium
3310 1982 3770 2093 occupatam
3850 1991 4171 2067 tractari
4236 2014 4417 2067 con·

1253 2120 1550 2212 veniat,
1633 2117 2166 2217 exponendum
2233 2116 2557 2209 videtur.
2689 2121 2800 2195 Ac
2864 2118 3117 2219 primo
3186 2115 3491 2215 quidem
3556 2114 3605 2191 ii
3672 2138 3900 2195 casus
3960 2119 4417 2195 commodis-

1260 2246 1447 2323 sime
1531 2244 2021 2335 evolventur‚
2085 2243 2354 2343 quibus
2413 2245 2635 2321 unius
2698 2246 3101 2347 cuiusdam
3166 2232 3543 2321 formulae
3610 2242 4139 2321 differentialis
4205 2245 4421 2327 valor

1257 2374 1484 2447 datur
1518 2428 1540 2465 ,
1637 2394 1732 2446 ex
1797 2394 1949 2469 quo
2013 2372 2340 2447 indolem
2428 2372 2832 2451 functionis
2896 2368 3291 2472 quaesitae
3358 2368 3653 2447 definit-i
3722 2384 4084 2472 oporteat
4116 2430 4143 2471 ,,
4240 2394 4421 2468 quo·

1255 2498 1454 2573 niam
1525 2498 1720 2575 haec
1799 2496 2288 2599 investigatio
2369 2499 2575 2575 nulla
2652 2498 2957 2577 laborat
3018 2498 3491 2575 difficultate.
3622 2497 3923 2575 Deinde
4002 2497 4425 2603 hujusmodi

1257 2624 1748 2722 quaestiones
1813 2624 2224 2727 aggi-edim·
2255 2679 2280 2715 ,
2375 2626 2647 2725 quibus
2708 2628 2983 2707 relatio
3050 2622 3461 2727 quaepiam
3541 2623 3743 2701 inter
3808 2628 4001 2703 duas
4065 2628 4425 2729 pluresve

1259 2751 1632 2849 formulas
1695 2740 2246 2861 diffeientiales
2309 2752 2829 2855 proponiturz
2888 2752 3019 2833 ubi
3086 2752 3387 2853 quidem
3451 2750 3865 2859 plurimum
3928 2751 4171 2833 refert
4202 2812 4227 2847 ‚
4295 2774 4425 2829 eu-

1245 2881 1553 2980 jusnam
1619 2880 1910 2980 gradus
1977 2903 2116 2960 eae
2183 2860 2465 2962 sueiint
2496 2941 2519 2974 ‚
2618 2881 2993 2984 siquidem
3078 2905 3173 2959 ex
3236 2864 3488 2980 primo
3558 2886 3803 2981 gradu
3866 2883 4127 2984 plures
4196 2902 4425 2960 casus

1258 3007 1620 3105 expedire
1701 3006 1932 3099 licet,
2033 3009 2210 3082 dum
2279 3033 2372 3083 ex
2454 3007 2841 3090 altioribus
2923 3011 3047 3086 vix
3130 3009 3381 3084 adhue
3462 3009 3869 3107 quiequam
3952 3009 4027 3085 in
4094 3010 4425 3102 medium

1131 3230 1143 3238 .
1259 3133 1514 3207 afferri
1589 3145 1901 3232 potest:
1973 3135 2171 3209 hunc
2239 3158 2429 3236 ergo
2500 3133 2845 3214 ordinem
2914 3139 2989 3212 in
3058 3134 3201 3209 ista
3276 3134 3729 3226 tractatione
3798 3141 4269 3214 observabo.

2434 3433 3001 3510 Scholion
3140 3449 3219 3512 2.

1583 3630 1785 3698 444.
1917 3622 2174 3699 Videri
2244 3625 2364 3700 hic
2429 3596 2733 3727 posset,
2804 3629 2901 3704 ad
2972 3629 3393 3709 functiones
3463 3630 3685 3708 trium
3756 3629 4227 3708 vai-labilium
4294 3628 4419 3701 de·

1257 3747 1679 3843 finiendas,
1761 3749 1974 3862 duas·
2019 3751 2210 3827 adeo
2279 3755 2756 3832 conditiones
2823 3781 2957 3832 seu
3027 3759 3441 3836 relationes
3506 3762 3704 3844 inter
3772 3759 4137 3830 formulas
4208 3751 4419 3826 diffe-

1258 3875 1615 3952 rentiales
1699 3877 1988 3953 admitti
2069 3901 2360 3977 posse,
2454 3906 2698 3978 neque
2782 3881 3010 3958 unica
3105 3883 3584 3984 praescripta
3652 3882 4181 3984 quaestionem
4220 3901 4421 3957 esse

1253 4002 1857 4081 determinatam.
1999 4004 2294 4098 Quodsi
2363 4008 2561 4100 ‚enim
2631 4023 2963 4107 ponatur

1700 4134 1801 4255 ὃν
1869 4196 1992 4254 -Ξ
2049 4167 2224 4276 Ρόω
2297 4180 2413 4275 —1—
2480 4169 2642 4279 ‘1321
2707 4181 2831 4276 -l-
2900 4173 3051 4270 ³·Bz
3084 4237 3104 4272 ‚

1257 4344 1382 4420 ubi
1447 4346 1744 4424 litterae
1801 4372 1883 4444 p,
1949 4373 2024 4448 q,
2093 4373 2174 4429 r.
2219 4349 2469 4426 vicem
2558 4364 2830 4449 gerunt
2910 4351 3407 4426 formularum
3495 4350 4105 4428 differentialium
4199 4347 4425 4450 primi

1261 4475 1565 4570 gradus,
1637 4487 1864 4571 atque
1926 4471 2142 4552 vet-bi
2212 4479 2461 4577 gratia
2530 4481 2675 4552 hae
2742 4478 2939 4553 duae
3004 4491 3535 4582 proponantur
3606 4478 4117 4572 conditiones,
4183 4491 4262 4551 ut
4333 4477 4429 4550 sit

1705 4647 1756 4721 q
1825 4641 1948 4698 ··...····..
2007 4647 2062 4721 p
2161 4639 2238 4702 et
2337 4653 2381 4702 r
2448 4647 2569 4702 Ξ
2632 4652 2682 4728 p
2714 4687 2734 4722 ,
3706 4610 3717 4624 ’
