4861 5775
1728 486 2185 567 CAPUT
2318 485 2453 564 vl.
3357 492 3536 581 469

842 692 1029 801 ‘q‘
1093 718 1219 779 Ξ·-
1288 664 1460 832 (ὅ-ξ)
1531 716 1658 775 =
1726 663 1929 819 (Ξ-ω-Ϋ)

489 904 720 975 natae
791 889 1287 1007 inquisiturus
1314 952 1337 987 ,
1436 893 1769 971 observo
1849 894 1929 968 in
1994 888 2109 969 his
2175 888 2524 969 formulis
2591 892 3090 973 variationem
3168 890 3670 1002 exprimenti·

492 1027 639 1101 bus
672 1078 695 1113 ,
792 1018 917 1096 vel
998 1020 1505 1119 quantitatem
1582 1045 1651 1095 x
1744 1018 1875 1097 vel
1953 1016 2458 1119 quantitatem
2523 1040 2582 1117 y
2661 1043 2808 1121 pro
2901 1022 3286 1103 constanti
3361 1031 3670 1127 haberi,

488 1158 723 1251 prout
802 1140 1339 1225 denominator
1408 1148 1925 1251 cujuscunque
2004 1143 2335 1220 membri
2408 1145 2783 1223 declarat.
2913 1148 3200 1229 Verum
3277 1154 3342 1231 si
3421 1181 3666 1256 quan-

492 1274 794 1352 titatem
870 1298 937 1349 x
1022 1286 1506 1351 constantem
1572 1298 1889 1352 manere
1967 1269 2334 1348 sumimus
2366 1329 2391 1361 ,
2491 1284 2878 1372 utcunque
2943 1274 3240 1355 interea
3305 1280 3550 1361 altera
3611 1302 3673 1383 y

492 1397 877 1479 mutabilis
943 1399 1256 1494 existit,
1330 1414 1610 1480 natura
1674 1400 1786 1479 rei
1851 1397 2191 1501 postulat
2217 1454 2239 1487 ,
2320 1408 2408 1472 ut
2470 1398 2702 1476 etiam
2771 1402 3236 1483 variationes
3300 1406 3538 1508 ipsius
3606 1436 3672 1487 x

492 1527 781 1605 nullam
843 1526 1339 1605 mutationem
1406 1532 1755 1622 subeant,
1818 1527 2029 1627 quod
2092 1540 2349 1601 autem
2418 1548 2642 1603 secus
2707 1528 2996 1621 evcnit,
3059 1529 3126 1605 si
3187 1534 3510 1611 variatio
3555 1522 3669 1615 δατ

498 1678 800 1753 quoque
867 1678 915 1729 a
980 1653 1403 1753 quantitate
1464 1682 1525 1755 y
1588 1656 1931 1758 pendeat
1960 1710 1981 1747 ,
2080 1653 2289 1751 quod
2355 1649 2560 1727 idem
2643 1654 2740 1728 de
2823 1651 3070 1730 altera
3147 1656 3494 1735 variabili
3557 1683 3618 1760 y
3647 1720 3670 1753 ,

497 1782 677 1857 dum
742 1790 1109 1859 constans
1173 1782 1490 1882 ponitur
1519 1842 1541 1877 ,
1638 1799 1759 1863 est
1822 1780 2262 1859 tenendum.
2390 1778 2514 1855 Ex
2576 1804 2730 1877 quo
2799 1779 3286 1861 manifestum
3347 1802 3470 1863 est
3499 1841 3523 1879 ,
3605 1787 3673 1865 si

495 1906 963 1985 variationes
1028 1893 1143 1987 Ex
1229 1929 1309 1985 et
1372 1894 1479 2009 dy
1557 1909 1781 1988 simul
1862 1910 1961 1985 ab
2045 1907 2423 1985 ambabus
2508 1888 2998 1983 variabilibus
3065 1934 3130 1987 x
3193 1923 3274 1987 et
3333 1935 3392 2009 y
3471 1896 3666 2013 pen·

496 2034 682 2111 dere
746 2047 1193 2129 sumantur,
1256 2034 1336 2113 id
1400 2035 1549 2135 ipsi
1616 2033 2085 2141 hypothesi,
2182 2058 2340 2131 qua
2407 2032 2782 2109 alterutra
2845 2046 3226 2135 perpetuo
3296 2049 3668 2117 constans

494 2160 835 2269 ponitur,
902 2161 1327 2240 adversari.
1458 2164 1985 2258 Quamobrem
2065 2161 2215 2235 hoc
2300 2156 2876 2237 incommodum
2957 2161 3178 2238 aliter
3242 2158 3468 2239 vitari
3531 2189 3671 2241 ne·-

496 2287 677 2389 quit,
740 2284 886 2363 nisi
950 2300 1397 2380 statuamus,
1466 2289 1973 2391 variationem
2033 2282 2275 2385 ipsius
2324 2308 2391 2359 :c
2455 2308 2780 2393 prorsus
2845 2310 3004 2365 non
3075 2290 3174 2365 ab
3241 2289 3486 2368 altera
3531 2314 3670 2369 ra·

494 2412 740 2491 riabili
801 2434 861 2511 y
892 2474 917 2507 ,
1004 2438 1253 2512 neque
1334 2411 1555 2519 hujus
1630 2414 2139 2493 variationem
2204 2401 2255 2494 δ
2267 2434 2327 2509 y
2408 2412 2508 2487 ab
2550 2411 2824 2497 ‚altera
2889 2439 2954 2489 x
3035 2415 3402 2509 pendere.
3543 2415 3671 2496 Sin

498 2552 749 2619 autem
817 2524 930 2619 δα·
992 2566 1140 2644 per
1202 2539 1452 2619 solam
1512 2568 1605 2639 x,
1670 2564 1751 2623 et
1811 2524 1917 2641 By
1978 2561 2125 2641 per
2190 2536 2442 2615 solam
2509 2558 2568 2635 y
2633 2538 3232 2634 determinatur,
3297 2551 3380 2618 ut
3443 2543 3542 2621 sit

938 2720 1019 2786 et
1114 2670 1311 2843 (ἓξ)
1382 2719 1627 2805 -..::‚o
1780 2716 1861 2784 et
1986 2667 2192 2826 (ἐξ)
2257 2726 2383 2785 -..;-..
2459 2712 2569 2797 0,

492 2877 639 2958 erit
702 2878 931 2958 etiam
2026 2917 2033 2922 ·

1876 3009 1961 3076 ἃᾶ
1974 3006 2054 3084 83

944 3009 1205 3180 (gg—3)
1274 3065 1401 3123 z
1462 3055 1523 3120 ,ο
1660 3053 1741 3122 et
1840 3049 2088 3178 (ἦ)
2163 3064 2289 3122 z
2364 3055 2411 3120 ο

493 3241 755 3339 sicque
840 3243 1071 3318 ambo
1148 3239 1256 3317 illi
1340 3237 1647 3318 valores
1728 3238 2263 3340 discrepantes
2340 3264 2494 3340 pro.
2564 3224 2722 3341 δῷ
2797 3239 3084 3319 inventi
3163 3246 3262 3319 ad
3345 3267 3672 3325 consen·
3795 3227 3799 3232 ⁸

491 3391 657 3446 sum
721 3369 1269 3469 perducuntur.

1686 3640 2241 3718 Scholion
2376 3629 2484 3718 2(

830 3843 1037 3920 149.
1168 3834 1537 3915 Omnibus
1616 3845 1871 3912 autem
1950 3837 2195 3916 dubiis
2271 3838 2352 3913 in
2439 3840 2588 3914 hac
2669 3836 3257 3940 investigatione
3326 3836 3671 3916 felicissi-

500 3987 621 4041 me
687 3987 1221 4057 occurremus,
1287 3963 1351 4040 si
1416 3963 1556 4040 aoli
1617 3963 2023 4063 quantitati
2088 3991 2142 4040 z
2206 3965 2674 4043 variationes
2739 3964 3160 4042 tribuamus
3188 4025 3210 4058 ,
3274 3963 3472 4045 binis
3537 3988 3666 4046 re·⁴

498 4089 717 4190 liquis
780 4115 845 4166 x
910 4105 991 4166 et
1057 4115 1113 4188 y
1177 4089 1407 4191 plane
1472 4089 1867 4166 invariatis
1932 4091 2267 4186 relictis,
2332 4091 2440 4168 ita
2503 4105 2588 4198 ut
2649 4091 2746 4169 sit
2808 4103 2969 4168 tam
3035 4078 3364 4169 &xz-:0
3440 4101 3670 4190 qnam

498 4199 601 4318 By
632 4241 753 4296 :z
797 4229 841 4292 0
879 4274 904 4313 ‚
992 4241 1147 4316 quo
1211 4229 1450 4317 pacto
1512 4241 1673 4292 non
1736 4217 1987 4294 solum
2056 4217 2351 4295 calculo
2420 4215 2890 4312 consulitur,
2991 4217 3130 4298 sed
3193 4217 3424 4294 etiam
3484 4239 3668 4295 usus

502 4346 721 4447 hujus
788 4344 1063 4420 calculi
1124 4341 1629 4421 variationum
1697 4343 1828 4422 vix
1888 4345 2399 4448 restringitur.
2540 4345 2841 4440 Quodsi
2915 4347 3118 4422 enim
3183 4343 3670 4443 superficiem

500 4495 1035 4570 quamcunque
1105 4494 1281 4548 cum
1350 4469 1499 4546 alia
1562 4471 1703 4548 sibi
1767 4473 2123 4571 proxima
2186 4459 2760 4575 comparamus,
2815 4471 3000 4550 nihil
3064 4469 3404 4570 impedit,
3471 4491 3666 4569 quo·

492 4598 745 4678 minus
828 4597 1129 4700 singula
1202 4594 1611 4706 proposita
1691 4599 2123 4700 superficiei
2210 4613 2504 4703 puncta
2587 4601 2688 4678 ad
2779 4625 2875 4680 ea
2945 4594 3296 4704 proxima
3377 4604 3669 4700 puncta
