4861 5775
1684 483 2135 572 CAPUT
2259 477 2355 563 V.
3299 485 3469 558 45³

889 685 990 804 δᾳ
1068 739 1171 758 --
1246 680 1594 776 νδω-,.,
1656 665 1843 759 Q·
1976 681 2069 803 δᾳ
2148 742 2251 760 -
2324 681 2478 785 ἴδω
2545 711 2671 775 :3
2733 655 2941 817 393ἕῖ

1458 767 1595 800 .--
1658 761 1784 822 6³³²
1823 759 1846 796 ν

894 875 994 969 δι’
1074 929 1178 951 -·
1254 871 1413 966 εδει·
1478 909 1603 967 z
1664 854 1845 1006 Ξ-ἒῗς
1976 874 2081 972 διε
2154 928 2259 950 -
2334 871 2496 974 33ae
2563 848 2930 1006 :.}³5⁸-⁸3,=

448 1059 711 1160 sieque
773 1057 1161 1159 deinceps.

418 1210 458 1256 l
1639 1268 2203 1351 Scholion
2348 1279 2440 1354 1.

792 1456 991 1531 127.
1127 1445 1301 1524 Sive
1363 1471 1553 1550 ergo
1638 1449 1965 1526 formula
2028 1452 2403 1527 varianda
2487 1447 2836 1525 habuerit
2897 1448 3246 1524 valorem
3322 1444 3616 1520 finitum

456 1573 619 1652 sive
698 1571 1067 1652 infinitum
1098 1634 1119 1668 ‚
1214 1573 1377 1652 sive
1456 1589 2109 1670 evanescentem,
2200 1603 2349 1678 ope
2437 1578 2710 1651 horum
2791 1577 3386 1674 praeceptorum
3450 1571 3615 1672 ejus

456 1699 783 1776 variatio
852 1700 1175 1799 perinde
1248 1721 1349 1778 ac
1425 1725 1662 1800 supra
1742 1700 2079 1780 inveniri·
2132 1715 2390 1805 potest
2426 1761 2450 1796 ‚
2547 1725 2794 1800 neque
2859 1701 3062 1779 enim
3125 1701 3318 1775 haee
3388 1720 3674 1795 prae··

460 1841 687 1926 cepta
752 1851 799 1900 a
868 1825 1399 1926 superioribus
1461 1828 1911 1926 discrepant
1946 1885 1977 1923 5
2045 1807 2191 1908 nisi
2256 1832 2478 1927 quod·
2533 1827 2654 1905 hic
2719 1825 3044 1926 duplicis
3112 1824 3416 1930 generis
3477 1844 3620 1897 va·

460 1955 666 2030 lores
732 1937 1321 2048 differentiales,
1382 1952 1601 2029 alteri
1666 1953 1951 2031 litteris.
2002 1955 2289 2050 latinis,
2346 1981 2427 2055 p,
2466 1981 2546 2054 p,
2592 1980 2660 2048 r,
2702 1978 2744 2028 s
2809 1967 2954 2029 etc.
3023 1952 3245 2030 alteri
3309 1971 3617 2054 germa-

462 2080 651 2156 nicis
715 2097 791 2180 p,
859 2096 931 2182 q,
996 2097 1059 2173 t,
1128 2082 1172 2161 ὃ
1238 2091 1387 2156 etc.
1453 2079 1818 2173 indicati,
1889 2080 2272 2176 introduci
2337 2083 2722 2171 debeant,
2810 2082 3022 2180 cujus
3093 2079 3206 2156 rei
3271 2078 3470 2153 ratio
3537 2074 3618 2148 in

461 2231 555 2284 eo
624 2217 743 2282 est
781 2205 964 2282 -sita
996 2265 1017 2298 ‚
1113 2207 1318 2303 quod
1400 2206 1523 2284 hic
1600 2227 1923 2306 utraque
2010 2203 2394 2309 variabilis
2471 2231 2532 2305 y
2595 2219 2671 2284 et
2736 2233 2790 2282 z
2833 2279 2840 2284 ,
2883 2220 3250 2304 tanquam
3329 2199 3632 2278 functio·

443 2331 698 2432 ipsius
777 2357 843 2407 x
926 2331 1267 2432 spectari
1341 2342 1625 2431 potest.
1762 2334 1889 2409 Sin
1977 2353 2235 2410 autem
2314 2334 2542 2410 unica
2627 2329 2978 2430 aequatio
3075 2334 3276 2409 inter
3358 2327 3618 2406 ternas

466 2457 959 2536 coordinatas
1024 2460 1367 2550 daretur,
1427 2459 1555 2534 vel
1617 2471 2145 2556 quaereretur,
2214 2459 2510 2536 litterae
2578 2459 2700 2535 hic
2765 2460 3249 2536 introductae
3309 2481 3363 2556 p
3429 2466 3508 2531 et
3573 2470 3622 2552 ρ

468 2585 715 2662 nullos
802 2583 1197 2661 habiturae
1280 2575 1539 2662 essent
1616 2586 1927 2662 valores
2006 2595 2320 2676 certos,
2420 2611 2593 2662 cum
2678 2587 2896 2662 salva
2975 2585 3112 2660 ill‘a·
3167 2581 3628 2681 aequatione

940 2692 1045 2767 ay
1252 2693 1355 2754 az

466 2731 876 2807 fractiones
940 2774 1047 2847 3]
1111 2742 1191 2804 et
1250 2772 1353 2847 -3——5
1424 2751 1690 2806 omnes
1758 2729 2064 2806 omnino
2130 2728 2439 2807 valores
2505 2731 2856 2828 recipere
2920 2741 3267 2829 possent.
3367 2726 3620 2804 Omis-

465 2879 569 2957 sis
619 2885 873 2952 autem
924 2874 1039 2953 his
1078 2871 1373 2968 litteris,
1440 2869 1785 2973 ipsisque
1820 2871 2460 2953 differentialihus
2523 2875 2601 2951 in
2663 2873 2960 2951 calculo
3015 2849 3322 2967 relictis,
3391 2875 3622 2951 etiam

462 3028 608 3106 pro
672 3005 825 3081 hoe
894 3024 1081 3082 casu
1144 3002 1417 3107 regula
1480 2998 1561 3079 in
1626 2999 2428 3107 solutione‘exposita.
2477 3000 3000 3079 variationem.
3050 3000 3520 3083 declarabit..

1572 3199 1591 3213 β
1659 3245 2216 3327 S‘cliolion
2350 3260 2434 3325 22

718 3540 727 3551 ,
800 3458 1003 3529 1;2·8.
1140 3448 1383 3552 Supra
1466 3454 1633 3553 jam
1723 3452 2037 3545 notavi,
2128 3455 2329 3528 hunc
2430 3474 2696 3531 casum
2791 3454 3016 3529 trium
3109 3452 3640 3544 variabillum‚.

468 3598 795 3675 quarum
861 3575 1137 3652 relatio
1205 3576 1510 3677 gemina
1563 3577 2020 3674 aequatione
2088 3578 2466 3672 definitur,
2534 3580 2856 3655 sollicito
2917 3602 3088 3656 esse
3153 3575 3620 3678 distinguen-

470 3704 653 3779 dum
736 3704 833 3779 ab
918 3726 1053 3798 eo,
1151 3701 1279 3779 ubi
1352 3704 1626 3780 relatio
1706 3701 1945 3779 unica-
1999 3703 2458 3802 aequatione
2522 3704 2816 3782 definiri
2879 3704 3311 3781 assumitur.
3443 3704 3638 3781 Dis·-

472 3833 757 3907 crimen
828 3830 972 3905 hoc
1042 3854 1137 3907 ex
1188 3830 1631 3907 Geometria
1696 3828 2117 3909 clarissime
2180 3831 2619 3927 illustratur,
2685 3832 2812 3910 ubi
2879 3843 3150 3908 ternae
3212 3830 3641 3907 variabiles:

470 3956 719 4035 vicem
800 3968 1195 4033 ternarum
1279 3935 1902 4037 coordinatarum
1990 3969 2318 4059 gerunt3
2414 3960 2732 4038 totidem
2827 3978 3080 4035 autem
3161 3957 3238 4033 in
3323 3956 3638 4033 calculo

472 4082 823 4163 ‘adhiberi
898 4096 1207 4184 oportet
1285 4106 1442 4159 non
1522 4084 1771 4159 solum
1840 4085 2147 4179 quando
2232 4086 2575 4181 quaestio
2659 4086 2866 4161 circa
2937 4084 3378 4185 superficies
3442 4108 3620 4161 ver·

444 4214 735 4302 satur,
835 4212 974 4288 sed
1056 4210 1287 4287 etiam
1371 4212 1679 4310 quando
1746 4209 1996 4287 lineae
2062 4234 2345 4287 curvae
2419 4236 2600 4291 non.
2649 4210 2732 4287 in
2796 4211 3068 4289 eodem
3131 4212 3358 4311 plano
3424 4210 3622 4289 sitae

350 4322 356 4329 ’
475 4350 647 4415 sunt
715 4339 1257 4439 explorandae.
1390 4339 1633 4437 Atque
1714 4341 1865 4415 hoc
1948 4338 2253 4436 quidem
2336 4362 2520 4415 casu
2596 4337 3004 4440 posteriori
3083 4337 3618 4422 determinatio

325 4512 337 4517 -
475 4464 722 4541 lineae
806 4488 1090 4541 curvae
1172 4464 1364 4543 duas
1458 4463 1953 4561 aequationes
2034 4464 2255 4542 inter·
2312 4482 2572 4543 ternas
2668 4464 3161 4543 coordinatus
3241 4464 3640 4567 postulat„

474 4591 595 4667 ita.
658 4609 743 4668 ut
823 4590 1049 4669 binae
1145 4590 1459 4691 quaevis
1542 4612 1903 4689 tanquam
1994 4581 2423 4672 functiones
2515 4592 2786 4672 tertiae
2865 4591 3200 4695 spectari
3275 4590 3644 4695 possint..
