4861 5775
1740 467 2186 595 cunr
2310 518 2377 595 1.
3333 532 3508 606 383

472 751 785 808 curvam
868 725 975 802 ita
1058 727 1344 804 debere
1424 745 1595 801 esse
1678 735 2213 824 comparatam
2248 784 2269 815 ,
2364 737 2450 802 ut
2533 727 2594 803 si
2679 729 2840 830 ejus
2924 728 3097 806 loco
3183 728 3333 806 alia
3397 751 3640 804 curva

470 881 974 958 quaecunque
1056 853 1343 930 infinite
1428 873 1703 952 parum
1790 853 1889 926 ab
1969 852 2097 926 illa
2166 852 2621 953 discrepans
2691 855 3232 949 substituatur,
3331 871 3637 958 tempus

468 989 883 1062 descensus
962 1005 1197 1079 super
1262 1003 1355 1056 ea
1421 978 1622 1056 idem
1686 985 2006 1077 prorsus
2072 979 2170 1055 sit
2236 980 2600 1056 futurum.
2740 981 3205 1060 Solutionem
3273 1007 3463 1086 ergo
3531 983 3638 1059 ita

464 1110 750 1189 institui
835 1121 1193 1209 oportet,
1291 1119 1379 1182 ut
1444 1107 1626 1182 dum
1729 1108 1971 1180 curva'
2053 1107 2403 1204 quaesita
2473 1123 2854 1220 ‘tanquam
2903 1102 3119 1186 'data
3201 1123 3633 1210 spectatur,

468 1237 807 1316 calculus
887 1259 1190 1334 quoque
1269 1234 1370 1308 ad
1456 1227 1713 1308 aliam'
1767 1257 2085 1308 curvam
2166 1234 2455 1312 infinite
2517 1261 2796 1335 parum
2858 1239 2957 1312 ab
3025 1261 3116 1312 ea
3183 1237 3634 1338 discrepan-

460 1381 617 1444 tem
686 1364 1369 1453 accommodetur,
1462 1360 1788 1457 indeque
1856 1359 2266 1437 discrimen
2333 1363 2542 1458 quod
2615 1364 2694 1438 in
2760 1363 3132 1464 temporis
3199 1361 3632 1464 expressio·

460 1518 641 1570 nem
706 1490 1139 1583 redundat,
1240 1499 1753 1588 supputetur3
1846 1499 2005 1562 tum
2089 1487 2290 1564 enim
2326 1485 2508 1564 ‘hoc
2590 1489 2841 1590 ipsum
2911 1481 3320 1568 discrimen
3394 1489 3626 1566 nihilo

459 1614 785 1718 aequale
864 1616 1199 1722 positum
1276 1629 1633 1690 naturam
1712 1616 2003 1689 curvae
2076 1614 2470 1712 quaesitae
2540 1597 2988 1694 declarabit.
3119 1621 3427 1694 Curvae
3493 1641 3630 1692 au·

456 1765 614 1826 tem
678 1745 872 1821 istae
952 1743 1241 1819 infinite
1322 1765 1595 1844 parum
1681 1763 1727 1814 a
1810 1740 2162 1838 quaesita
2224 1741 2752 1843 discrepante..
2841 1737 3453 1822 commodissime
3519 1745 3626 1820 ita

458 1874 1046 1953 considerantur
1084 1929 1106 1963 ,
1191 1884 1273 1945 ut
1340 1868 1775 1969 applicatae
1839 1867 2152 1968 singulis
2210 1868 2580 1947 -abscissis
2645 1873 3214 1971 respondentes
3283 1871 3625 1972 particu-

454 2005 545 2078 lis
612 1999 895 2076 infinite
960 1995 1225 2098 parvis
1289 1996 1411 2073 vel
1480 2005 1903 2094 augeantur
1967 1993 2090 2070 vel
2154 1995 2616 2088 minuantur,
2685 2000 2830 2073 hoc
2897 2011 3052 2090 est,
3117 2011 3202 2074 ut
3265 1998 3624 2075 variatio-

448 2151 593 2206 nes
672 2126 1021 2225 recipere
1102 2123 1659 2226 concipiantur.
1792 2121 2043 2222 Vul'go
2127 2121 2434 2219 quidem
2518 2124 2784 2218 sussjcit
2863 2125 3286 2226 hujusmodi
3367 2125 3638 2200 varia-'

448 2257 741 2332 tionem
832 2251 909 2327 in
987 2249 1215 2329 unica
1280 2251 1677 2350 applicata
1750 2247 2280 2342 constituisse,
2346 2249 2528 2326 nihil
2601 2264 2855 2326 autem
2921 2251 3260 2352 impedit,
3329 2251 3620 2349 quomi-

444 2405 591 2459 nus
642 2379 995 2481 pluribus
1064 2389 1291 2475 atque
1361 2379 1559 2452 adeo
1625 2377 1971 2454 omnibus
2018 2377 2419 2475 applicatis
2447 2381 2642 2454 tales
2684 2379 3153 2456 variationes
3221 2357 3666 2480 assignen-¹

444 2522 569 2587 tur
652 2533 819 2583 cum
907 2505 1215 2600 semper
1296 2505 1394 2580 ad
1478 2505 1805 2580 eandem
1884 2503 2339 2580 solutionem
2416 2505 2737 2602 perduci
2799 2506 2898 2581 sit
2961 2527 3305 2582 necesse.
3437 2505 3618 2580 Hoc

444 2651 699 2713 autem
762 2634 998 2709 modo
1062 2653 1215 2706 non
1282 2632 1529 2708 solum
1593 2629 1708 2707 vis
1772 2629 2104 2706 methodi
2166 2632 2403 2706 multo
2476 2630 2928 2710 luculentius
2989 2633 3434 2721 illustratur,
3477 2633 3615 2706 sed

440 2763 667 2841 etiam
754 2761 928 2836 inde
995 2757 1400 2836 solutiones
1466 2757 1991 2864 quaestionum
2060 2741 2279 2858 hujus
2332 2757 2636 2856 generis
2699 2758 3086 2858 pleniores
3151 2758 3611 2850 obtinentur,

441 2892 643 2967 unde
743 2887 973 2966 etiam
1074 2885 1555 2987 quaestiones
1628 2885 1753 2959 ad
1850 2883 2037 2961 alias
2132 2883 2612 2962 conditiones
2693 2900 3128 2986 spectantes
3203 2883 3610 2963 enucleare

330 3010 338 3016 ⁴
434 3018 638 3096 licet.
774 3014 1031 3111 Quam
1108 3014 1209 3089 ob
1290 3036 1601 3089 causam
1687 3012 1989 3089 omnino
2070 3012 2593 3091 necessarium
2676 3012 3024 3109 videtur,
3116 3028 3203 3089 ut
3269 3010 3608 3089 calculus

434 3143 941 3221 variationum
1021 3142 1100 3217 in
1182 3138 1648 3259 amplissima
1714 3138 2177 3233 extensione,
2243 3141 2458 3242 cujus
2529 3140 2833 3239 quidem
2901 3160 3017 3219 est
3085 3165 3357 3243 capax,
3426 3163 3614 3241 per-

424 3283 819 3349 tractetur.
3139 3282 3152 3291 “

1600 3498 2214 3576 Definitio
2357 3510 2437 3573 2.

754 3704 835 3776 6.
935 3680 1151 3775 ‘Pro
1233 3698 1437 3773 data
1517 3700 1909 3775 relatione
1960 3704 2197 3797 inter
2275 3699 2512 3779 binas
2595 3702 3024 3789 variabiles
3103 3708 3600 3805 quantitates

420 3838 765 3931 utraque
837 3848 1121 3905 aarum
1184 3829 1503 3902 variari
1568 3826 1891 3922 dicitur,
1954 3832 2025 3902 si
2090 3836 2436 3931 utraque
2477 3835 2815 3906 seorsim
2867 3808 3354 3909 incremento
3407 3836 3597 3931 infi-

417 3962 581 4034 nite
654 3978 918 4054 parvo
984 3957 1269 4053 auqeri
1330 3958 1837 4053 concipiatur
1868 3982 1900 4045 ;
1966 3953 2175 4031 unde
2227 3964 2458 4054 patet
2523 3957 2928 4059 quomodo
2998 3958 3596 4057 intelligendum

414 4090 573 4177 sit,
639 4089 710 4161 si
779 4088 1092 4185 utrique
1157 4080 1538 4196 variabili
1600 4104 1755 4159 sua
1821 4080 2227 4159 tribuatur
2288 4090 2678 4163 variatio.

1639 4342 2365 4445 Explicatio.

734 4540 812 4613 7.
949 4534 1019 4613 si
1090 4538 1495 4639 proposita
1562 4542 1657 4617 sit
1724 4541 2073 4642 aequatio
2143 4568 2638 4646 quaecunque
2705 4547 2905 4631 inter
2972 4546 3198 4647 binas„
3232 4548 3586 4623 variabi-

402 4664 520 4737 Ies
583 4685 647 4737 x
713 4674 791 4741 et
851 4685 947 4762 y,
1028 4688 1179 4763 qua
1260 4690 1529 4746 earum
1608 4668 1882 4749 relatio
1946 4685 2208 4751 mutua
2278 4674 2761 4777 exprimitur,
2843 4677 3037 4753 haec
3102 4676 3373 4753 relatio
3440 4698 3588 4774 per
