4861 5775
1404 471 1578 547 390
2524 444 2977 529 CAPUT
3104 444 3172 523 1.

1273 662 1700 767 pendentes
1717 714 1740 749 ‚
1821 655 1986 734 solo
2051 650 2258 731 initio
2325 674 2420 733 ae
2484 648 2639 727 fine
2702 658 3033 751 excepto
3050 704 3071 739 ,
3162 643 3291 737 ubi
3356 666 3493 725 eas
3558 644 3661 723 ad
3722 646 3949 728 datas
4012 648 4443 751 superliniee

1279 782 1854 869 accommodari
1921 792 2259 886 oportet.

2449 1029 3053 1110 Definitio
3194 1034 3272 1103 4.

1605 1197 1650 1263 2
1673 1198 1714 1261 Ο
1733 1244 1749 1263 .
1883 1180 2199 1259 Relatio
2283 1185 2492 1255 inter
2572 1188 2850 1256 ternas
2914 1174 3343 1254 variabiles
3412 1180 3657 1253 unica
3724 1184 4207 1281 aequatione
4274 1181 4458 1283 defi-

1287 1322 1502 1410 nita,
1589 1320 1678 1387 ut
1747 1331 1918 1386 una
1981 1329 2268 1381 earum
2333 1313 2721 1407 aequetur
2767 1302 3201 1402 functioni
3266 1300 3649 1379 binarum
3714 1306 4249 1409 reliquarum,
4326 1332 4455 1383 va-

1290 1446 1500 1521 riari
1569 1438 1903 1526 dicitur,
2005 1434 2076 1508 si
2137 1434 2264 1508 vel
2323 1456 2497 1508 una
2558 1432 2687 1509 vel
2748 1454 3023 1507 omnes
3090 1438 3253 1505 tres
3321 1426 3505 1503 illae
3568 1432 4001 1509 variabiles
4059 1435 4460 1531 particulis

1293 1572 1610 1669 infinite
1667 1566 1948 1663 parvis
2016 1564 2514 1657 auqeantur‚
2582 1582 2792 1661 quae
2858 1580 3146 1633 earum
3210 1556 3710 1635 variationes
3774 1567 4197 1639 vocantur.

2387 1836 2394 1844 ·
2520 1796 3273 1913 Explicati'o.

1624 2000 1769 2065 21.
1906 1988 2291 2081 Quoniam
2362 1986 2487 2061 hic
2554 1984 2827 2061 relatio
2893 1981 3092 2059 inter
3158 1994 3423 2059 ternas
3459 1982 3875 2090 ‘variabiles
3923 1987 4152 2063 unica
4208 2010 4465 2087 aequa·

1304 2121 1510 2195 tione
1577 2113 1875 2191 definiri
1936 2094 2294 2213 ponitur,
2396 2112 2691 2188 duabus
2756 2134 2901 2210 pro
2970 2107 3293 2185 arbitrio
3356 2108 3622 2187 sumtis
3695 2111 3923 2189 tertia
3986 2113 4291 2189 demum
4349 2114 4469 2191 de·

1305 2242 1801 2334 terminatur,
1902 2240 2009 2314 ita
2087 2252 2170 2313 ut
2250 2262 2398 2340 pro
2487 2236 2875 2314 functione
2954 2236 3277 2311 duarum
3363 2233 3843 2315 variabilium
3936 2238 4037 2317 sit
4120 2242 4468 2317 habenda.

1303 2372 1421 2447 Ea
1500 2392 1692 2469 ergo
1773 2364 2147 2442 relatione
2232 2352 2388 2441 non
2476 2364 2857 2462 quaedam
2938 2362 3139 2439 linea
3223 2386 3503 2455 curva,
3610 2360 3673 2439 si
3774 2387 3941 2441 rem
4026 2366 4136 2441 ad
4214 2368 4470 2470 figuras

1305 2494 1726 2573 transferre
1795 2490 2156 2585 velimuS,
2257 2489 2678 2583 indicatur,
2776 2490 2913 2569 sed
2998 2499 3161 2566 tota
3238 2488 3615 2589 quaedam
3702 2490 4191 2592 superficies,
4284 2494 4473 2595 cujus

1306 2642 1588 2699 natura
1656 2616 2106 2720 aequatione
2175 2618 2374 2693 inter
2440 2628 2725 2695 ternas·
2770 2614 3269 2695 coordinatas
3335 2614 3827 2717 exprimitur,
3891 2642 3988 2695 ex
4059 2644 4214 2719 quo
4278 2618 4475 2697 intel-

1311 2748 1590 2850 ligitur,
1648 2746 1926 2821 eadem
1993 2742 2376 2821 relatione
2443 2744 2743 2819 variata
2812 2744 3038 2819 aliam
3110 2742 3593 2842 superficiem
3662 2746 3759 2821 ab
3828 2743 3954 2822 illa
4019 2744 4309 2825 infinite
4356 2770 4478 2849 pa-

1308 2900 1482 2952 rum
1547 2872 2039 2952 dissidentem
2107 2870 2709 2972 repraesentari,
2777 2896 2975 2970 quae
3045 2868 3367 2947 variatio
3431 2868 3539 2946 ita
3607 2868 3971 2951 latissime
4044 2889 4313 2974 patere
4364 2876 4483 2952 de·

1311 3007 1484 3091 bet,
1581 3019 1666 3076 ut
1727 2996 2052 3075 variatio
2119 2999 2243 3073 vel
2325 3011 2628 3076 tantum
2698 3000 2797 3075 ad
2863 2995 3307 3098 quampiam
3374 2995 3809 3095 superficiei
3872 3001 4317 3100 portionem
4374 3025 4510 3078 re·-

1315 3126 1585 3226 stringi
1652 3126 1774 3202 vel
1841 3148 1986 3226 per
2052 3135 2300 3200 totam
2366 3125 2671 3202 extendi
2738 3123 3009 3224 possit.
3188 3128 3426 3202 Prout
3497 3122 3730 3225 igitur
3796 3151 3973 3204 eum
4044 3130 4313 3228 quovis
4374 3153 4485 3206 su·

1311 3250 1652 3356 perficiei
1717 3254 1947 3328 datae
2015 3264 2304 3350 puncto
2373 3252 2581 3328 aliud
2662 3264 3030 3352 punctum
3118 3249 3553 3348 superficiei
3616 3251 3964 3334 variatae
4033 3256 4140 3334 illi
4205 3257 4487 3357 quidem

1314 3380 1746 3482 proximum
1819 3390 2360 3478 comparatur,
2429 3378 2595 3456 fieri
2662 3398 2959 3479 potest,
3034 3389 3120 3454 ut
3186 3402 3338 3454 non
3405 3375 3655 3456 solum
3716 3380 3947 3458 trium
4012 3384 4488 3462 coordinata-

1312 3533 1484 3584 rum
1549 3530 1706 3584 una
1767 3505 1908 3583 sed
1975 3503 2207 3580 etiam
2273 3507 2471 3582 duae
2536 3505 2659 3581 vel
2732 3505 2927 3582 adeo
2996 3528 3263 3584 omnes
3326 3519 3486 3586 tres
3551 3501 3991 3604 varientur3
4091 3513 4293 3588 unde
4354 3534 4491 3610 quo

1317 3632 1680 3712 tractatio
1760 3631 1835 3707 in
1924 3629 2128 3706 omni
2211 3631 2709 3732 amplitudine
2787 3631 3262 3727 instituatur,
3350 3628 3755 3714 conveniet
3844 3636 4105 3726 statim
4204 3635 4495 3742 singulis

1257 3757 1796 3839 ‘coordinatis
1877 3780 2056 3836 suas
2132 3756 2362 3834 tribui
2446 3758 2951 3854 variationes,
3045 3783 3241 3858 quas
3330 3768 3755 3863 propterea
3832 3761 3939 3839 ita
4018 3777 4497 3867 comparatas

1327 3909 1498 3965 esse
1567 3897 1918 3985 oportet,
2017 3895 2103 3959 ut
2188 3897 2554 3983 tanquam
2638 3885 3071 3964 functiones
3168 3884 3516 3964 binarum
3605 3881 4080 3968 variabilium
4177 3890 4499 3994 spectari

1331 4012 1665 4114 possint,
1767 4035 1942 4089 eum
2025 4007 2222 4089 binis
2301 4013 2611 4114 demum
2690 4010 3215 4094 determinatis
3302 4009 3737 4111 superficiei
3826 4031 4194 4117 punctum
4262 4021 4499 4098 deter-

1325 4141 1678 4217 minetur.
4036 4155 4043 4168 ·

2315 4311 3255 4416 'Corollarium
3390 4349 3549 4417 2.'·

1668 4494 1813 4562 22.
1951 4487 2023 4562 Si
2089 4487 2325 4588 igitur
2391 4501 2553 4564 tres
2620 4487 3031 4567 variabiles
3098 4513 3235 4568 seu
3302 4489 3805 4568 coordinatae
3873 4491 4025 4569 sint
4086 4517 4179 4585 x,
4220 4509 4279 4588 y
4322 4508 4399 4566 et
4438 4511 4505 4576 z,

1339 4610 1996 4711 quemadmodum
2064 4637 2158 4691 ex
2223 4613 2601 4692 relatione
2668 4615 2862 4694 binis
2930 4643 2994 4692 x
3064 4633 3141 4696 et
3204 4639 3263 4716 y
3323 4642 3471 4719 pro
3539 4617 3776 4697 lubitu
3833 4623 4133 4696 valores
4185 4616 4504 4695 tribuere
